2586 3764
160 289 210 356 Sc.
228 289 340 359 VIII.
357 290 471 378 8-35.]
524 269 778 359 Ansspflos.
968 389 975 404 ·
1056 295 1119 360 129

241 462 392 525 Videtur:
413 465 439 525 si
459 485 514 526 uos
533 467 618 526 tinto
643 487 733 546 opere
758 465 835 527 istuc
855 466 956 542 ubltis,
976 467 1038 530 fiat

400 575 454 637 Ae.
470 576 553 637 Bene
566 576 649 638 facis.
1060 580 1119 640 945

160 687 216 746 De.
241 684 353 746 Meritis
368 693 416 746 tuo
430 694 460 746 ts
474 707 551 747 amo.
593 689 699 747 uerum
715 733 722 748 .
737 733 744 748 .
759 686 814 748 Mt.
835 687 941 765 Quid?
981 688 1038 750 De.

402 798 469 878 Ego
483 799 593 873 dicam,
606 800 664 860 hoc
678 819 770 880 quom
785 798 820 860 fit
834 800 914 880 qu6d
930 800 1008 862 uolo.

160 913 214 972 Mi.
242 912 327 990 Quid
341 914 443 973 nfinc?
463 913 537 992 quid
552 914 664 974 restat?
705 913 760 974 De.
776 913 878 993 Hegio
893 917 1038 994 cognitus

402 1025 449 1085 his
462 1033 507 1086 est
521 1028 697 1105 prbxumus,

241 1137 366 1198 Adfinis
387 1136 481 1211 nobis,
496 1139 626 1217 paliper:
649 1136 725 1199 bene
738 1157 792 1199 nos
807 1139 922 1219 iliquid
942 1140 1040 1201 facere

401 1248 449 1309 illi
461 1249 555 1310 decet.

160 1361 217 1423 Mi.
242 1360 327 1438 Quid
355 1360 474 1420 fteere?
514 1360 569 1421 De.
598 1360 703 1440 Agelli
730 1371 783 1426 est
802 1361 853 1422 his
880 1361 937 1423 sub
964 1362 1040 1424 urbs

402 1473 528 1553 pafilum
549 1473 630 1553 quod
650 1473 754 1534 loeitfis
775 1473 872 1534 foras:

242 1586 328 1648 Huic
349 1571 453 1646 d'tmus
468 1586 520 1667 qui
535 1587 662 1646 fruitur.
705 1586 759 1646 Mi.
780 1585 914 1646 Paulum
936 1587 967 1646 id
988 1589 1039 1647 afi-

401 1700 512 1761 temst?
551 1699 607 1759 De.
622 1699 654 1760 Si
670 1699 837 1772 multfimst,
851 1707 954 1759 tamen
1059 1699 1119 1760 950

241 1813 477 1875 Facifindumst:
499 1833 554 1893 pro
580 1822 667 1893 patre
694 1813 767 1873 huic
794 1821 847 1887 est,
868 1812 964 1874 bonus
985 1821 1038 1887 est,

400 1929 501 1988 n6ster
521 1935 574 2000 est,
595 1929 675 1987 recte
695 1925 794 1987 datur.
818 1913 861 2008 s,

241 2037 396 2101 Postremo
416 2058 477 2099 non
498 2057 599 2098 meum
617 2036 697 2096 sslud
711 2037 839 2098 uerbum
854 2037 942 2112 ficio,
956 2038 1038 2118 quod

401 2159 444 2223 tu,
459 2150 563 2223 Micio,

216 2299 218 2302 ·
242 2262 325 2325 Bene
345 2267 376 2324 et
396 2263 547 2343 sapienter
565 2262 644 2323 dixti
664 2261 797 2323 dudum:
819 2263 947 2324 ‘uitium
961 2285 1039 2326 com·

401 2396 493 2436 mune
506 2376 678 2448 (smniumst,

242 2489 333 2567 Quod
342 2490 471 2551 nimium
481 2490 521 2551 ad
532 2511 592 2551 rem
604 2491 637 2550 in
648 2493 768 2551 senecta
777 2489 887 2551 attenti
897 2491 999 2551 simus
1008 2490 1038 2552 'i

400 2602 480 2663 hane
493 2601 645 2663 maculam
659 2605 713 2663 n6s
727 2602 813 2663 decet

240 2713 406 2795 chsigers:
422 2716 565 2776 dictumst
576 2719 647 2777 uere
662 2724 692 2777 et
706 2736 738 2777 re
752 2715 817 2796 ipss
830 2715 900 2777 {ieri
911 2726 1037 2798 oportet.

399 2825 454 2888 Ae.
468 2826 517 2887 Mi
529 2837 624 2906 pater.
1058 2829 1117 2891 955

157 2939 215 3002 Mi.
241 2938 326 3016 Quid
350 2939 439 3000 istic?
466 2938 591 2999 dabitur
618 2938 861 3020 quindoquidem
888 2939 938 3001 hic
962 2941 1036 3002 uolt.

400 3052 454 3113 Ae.
470 3051 605 3113 Gafideo.

156 3165 215 3226 De.
240 3163 332 3225 Nunc
346 3164 423 3224 mihi
435 3164 607 3244 germanu's
617 3164 846 3250 piritersnimo
860 3172 891 3225 st
904 3166 1035 3244 c6rpore.

240 3277 303 3339 Sus
315 3279 373 3339 sibi
386 3278 489 3358 gladio
503 3279 585 3340 hunc
599 3276 712 3358 ifigulo.

293 3387 412 3441 9-Ter.
