2576 3760
154 260 195 324 54
502 277 541 324 P.
565 277 758 323 hunnum
944 259 1026 345 [Act
1041 257 1109 324 IV.

232 433 390 496 Ausculta.
437 433 489 497 Ot.
504 432 623 494 Audiui
636 435 698 494 iam
712 435 822 495 omnia.
863 435 924 495 Do.
938 434 1030 495 Anne

391 546 465 607 haec
479 555 513 608 tu
528 547 650 607 omniu?

156 658 205 721 Ch.
232 657 360 732 Audiui,
384 659 518 738 inquam,
543 679 562 719 a
586 658 744 738 principio.
786 660 846 720 Do.
874 660 1029 735 Audistin‚

391 769 534 831 obsecro?
554 770 624 831 hem
964 755 966 758 ¹

229 883 359 958 Scelere,
381 883 460 944 hune
482 883 542 943 iam
564 891 682 962 oportet
706 884 740 943 in
765 885 933 944 cruciatum
957 881 1029 942 hin'o

390 995 498 1076 abripi.
827 999 828 1002 ’

230 1108 293 1170 Hie
306 1117 351 1170 est
363 1109 434 1169 ille:
455 1129 516 1170 non
530 1117 561 1170 te
575 1110 679 1171 credas
694 1110 815 1172 Dauom
831 1110 942 1171 ludere.

149 1221 209 1300 My.
229 1221 283 1283 Me
297 1223 455 1282 miseram:
477 1221 522 1281 nil
536 1222 587 1301 pol
603 1221 671 1282 felsi
686 1223 761 1294 dixi,
776 1225 820 1281 mi
833 1243 933 1283 senex.

155 1334 205 1397 Oh.
230 1334 313 1396 Noui
327 1331 445 1395 (omnem
459 1356 531 1396 rem.
573 1345 617 1396 est
637 1335 720 1396 Simo
741 1336 844 1396 intus?
884 1315 944 1397 Do.
962 1337 1027 1398 Est

327 1450 330 1457 '
388 1447 448 1528 My.
463 1448 511 1509 Ne
527 1469 574 1508 me
589 1449 707 1528 uttigus,

229 1557 367 1624 Seeleste.
409 1563 434 1623 si
449 1563 500 1642 pol
515 1562 659 1642 Glycerio
673 1584 733 1624 non
749 1565 851 1625 omnio
864 1563 939 1624 haee
960 1610 968 1626 .
990 1609 998 1625 .
1048 1565 1107 1626 790

148 1676 208 1738 Do.
231 1676 300 1736 Eho
321 1676 433 1755 inepta,
448 1676 543 1736 neseis
564 1677 638 1755 quid
658 1676 697 1736 sit
717 1678 859 1758 actumty
880 1677 940 1756 My.
963 1652 1048 1753 Qui¹

387 1789 504 1850 seiam?

148 1901 208 1962 Do.
230 1901 293 1962 Hie
306 1906 390 1963 socer
402 1911 454 1968 est.
497 1903 558 1964 alio
572 1905 659 1982 puoto
674 1881 757 1964 houd
771 1913 891 1984 poterut
906 1904 984 1978 fieri,

228 2015 274 2077 Vt
297 2018 387 2077 sciret
410 2016 485 2076 haee
509 2036 587 2096 quae
610 2016 770 2078 noluimus.
812 2017 872 2096 My.
901 2017 1025 2078 Praedi-

388 2148 477 2190 ceres.
1001 2119 1007 2128 ’

147 2242 207 2304 Da.
229 2243 362 2305 Paulum
375 2246 456 2306 inter
469 2266 531 2307 esse
542 2249 652 2319 censes,
667 2265 705 2306 ex
719 2246 820 2306 animo
834 2246 944 2318 omnia,

227 2355 273 2418 Vt
286 2357 345 2417 fert
359 2331 478 2430 natura,
493 2358 585 2420 focius
600 2379 639 2418 an
655 2357 692 2418 de
707 2357 877 2416 industria?
1047 2357 1105 2418 795

343 2620 345 2624 ·
410 2588 522 2650 Ceno.
565 2588 676 2650 Musis.
719 2588 841 2651 Dnvos.
895 2652 899 2660 ,

152 2711 200 2775 Or.
228 2712 266 2773 In
279 2714 336 2774 hec
351 2713 501 2775 habitasse
515 2714 617 2794 pluteo
631 2714 775 2775 dictumst
789 2713 978 2794 Chrysidem,

227 2824 315 2901 Quae
328 2827 390 2885 sese
403 2825 558 2886 inhoneste
573 2825 691 2904 optuuit
705 2845 811 2904 parere
825 2825 873 2884 hic
888 2826 979 2884 ditias

142 2915 144 2938 ἶ
226 2938 331 3001 Potius
345 2960 437 3019 quum
451 2940 482 3000 in
497 2940 597 3018 patria
611 2939 733 3001 honeste
748 2959 864 3019 pauper
878 2941 1013 2999 uiueret:

226 3052 301 3113 Eius
315 3055 411 3114 morte
425 3073 460 3113 ea
474 3053 513 3112 ad
528 3072 576 3112 me
590 3053 655 3132 lege
670 3053 823 3114 redierunt
838 3052 925 3113 bonu

224 3163 283 3224 Sed
319 3167 393 3243 quos
427 3173 585 3242 perconter
622 3165 720 3224 uideo.
776 3163 898 3224 saluete.
961 3162 1020 3241 My.

384 3254 525 3349 (ibseeru
570 3263 572 3268 ’
749 3327 753 3336 .
1042 3275 1103 3336 800

224 3387 323 3464 Quem
348 3389 457 3450 uideo?
477 3398 559 3450 estne
583 3390 633 3450 hio
657 3389 742 3452 Crito
764 3391 901 3454 sobrinus
926 3389 1020 3478 Chry·

383 3499 476 3561 sidis?
630 3507 636 3514 ’
