2576 3760
140 241 182 304 52
490 256 529 304 P.
552 256 748 304 rnnnnm
936 243 1017 329 [Act
1032 243 1101 314 IV.

139 413 199 492 My.
225 413 312 474 Satin
334 412 443 487 stude,
464 413 517 494 qui
540 433 589 474 me
612 413 645 473 id
667 415 799 494 rogites?
838 411 900 477 Da.
922 416 1023 493 Quom

381 524 447 604 Ego
462 526 556 606 igitr'rr
569 547 682 606 rogem,

221 639 284 716 Qui
299 639 348 699 hio
362 639 512 698 neminem
536 639 632 700 alium
654 640 799 701 uideam?
844 639 899 704 Oh.
917 641 1023 715 Miror,

383 750 462 810 finde
476 750 523 810 sit.
1044 754 1103 815 750

140 865 200 926 Do.
222 865 352 927 Dietdra
375 885 405 926 es
429 866 510 945 quod
536 868 629 946 rogo?
670 866 730 946 My.
755 867 816 928 An.
858 868 919 930 Do.
945 869 1021 931 Con-

380 978 452 1037 cede
466 978 505 1038 ad
520 979 686 1040 dexteram.

141 1090 201 1169 My.
226 1089 363 1150 Delirus:
384 1110 445 1150 non
460 1099 524 1151 tute
538 1093 623 1170 ipse?
664 1093 725 1152 Da.
740 1093 879 1154 Verbum
894 1096 921 1155 ss
935 1096 1011 1155 mihi

221 1201 327 1264 Vndm
352 1211 472 1282 praeter
501 1223 593 1282 quam
622 1203 703 1284 quod
731 1214 761 1266 te
788 1226 890 1287 rogo.
912 1253 919 1268 .
941 1207 1022 1268 faxis

380 1335 462 1374 caue.

220 1428 304 1489 Male
325 1427 421 1488 dicis?
446 1429 573 1490 undeet?
595 1430 644 1492 dio
666 1431 755 1493 clare.
797 1432 857 1512 My.
880 1431 911 1493 A
925 1432 1019 1494 nobie.

243 1567 247 1574 ·
380 1543 440 1603 Da.
455 1543 581 1604 Hdhae:
824 1633 826 1637 Ι

219 1655 334 1716 Mirdm
350 1675 430 1728 uero,
447 1655 628 1735 inpudenter
644 1657 753 1717 mulier
766 1659 793 1717 si
808 1657 881 1718 facit
1041 1659 1099 1720 755

131 1793 134 1800 ·
220 1767 390 1828 Meretrix?
436 1767 487 1830 Oh.
512 1767 564 1828 Ab
588 1767 736 1828 Andridet
764 1769 846 1842 haec,
870 1781 1019 1849 quantum

380 1883 532 1964 intellego.

20 2085 22 2088 Ι
139 2000 199 2060 Do.
220 1999 329 2060 Adeon
344 1996 484 2057 uidemur
498 1995 585 2057 uobis
599 2015 660 2056 esse
674 1994 784 2066 idonei,
820 2065 821 2070 .

219 2112 256 2172 In
272 2112 382 2193 quibus
395 2110 438 2170 sio
452 2109 618 2169 inluddtis?
664 2107 716 2170 Ol.
732 2106 813 2170 Veni
828 2108 859 2168 in
874 2111 1015 2187 ternpore.

138 2225 198 2285 Da.
220 2224 355 2304 Propera
368 2224 442 2285 odeo
457 2240 586 2301 puerum
599 2219 705 2280 tollere
719 2220 791 2280 hinc
805 2219 843 2281 ab
858 2221 968 2280 idnun:

219 2337 328 2398 Mane:
351 2357 424 2397 caue
439 2355 591 2415 quoquam
606 2353 645 2392 ex
660 2334 736 2392 istoc
750 2334 877 2392 excessis
891 2332 965 2393 looo.
1036 2333 1095 2395 760

139 2450 199 2529 My.
219 2449 261 2510 Di
276 2460 305 2512 te
319 2448 489 2510 eradicent:
511 2448 556 2507 ita
572 2445 773 2506 memineram
787 2445 915 2506 territae.

139 2561 198 2623 Do.
219 2561 289 2622 Tibi
311 2565 365 2640 ego
388 2561 455 2622 dico
478 2581 519 2621 an
541 2559 623 2620 non?
664 2556 723 2636 My.
746 2557 831 2634 Quid
845 2558 914 2618 uis?
954 2557 1014 2619 Da.

379 2670 423 2730 At
436 2672 527 2731 etiem
542 2689 629 2749 rogas
642 2670 656 2729 ?

218 2786 309 2859 Cedo,
323 2786 446 2866 quoium
461 2805 588 2864 puerum
603 2783 654 2845 hio
667 2782 832 2861 ddposisti?
852 2783 902 2842 dio
917 2782 1001 2842 mihi.

139 2901 198 2980 My.
220 2898 267 2959 Tu
284 2899 399 2960 neseis?
439 2897 499 2958 Da.
515 2898 605 2958 Mitte
619 2896 651 2956 id
666 2895 747 2976 quod
766 2895 844 2956 ecio:
866 2895 915 2955 dic
935 2895 1015 2975 quod

380 3030 461 3088 rogo.

138 3125 197 3204 My.
218 3123 333 3187 Vostri.
374 3122 434 3183 Do.
463 3121 581 3199 Quoius
608 3120 725 3181 nostri?
764 3120 824 3200 My.
850 3118 1014 3200 Pomphili.

384 3233 435 3297 Olt-
451 3232 543 3294 Hem.
584 3232 644 3293 Do.
661 3231 766 3309 Quid?
807 3232 983 3312 Pamphili?
1037 3234 1096 3295 765

141 3350 198 3429 My.
218 3349 296 3422 Eho,
310 3369 350 3408 an
363 3350 425 3408 non
439 3348 504 3408 est?
550 3346 604 3409 ot.
625 3346 720 3408 Recte
740 3367 795 3426 ego
815 3349 932 3425 semper
950 3346 1016 3426 fugi

377 3457 433 3518 hee
446 3456 578 3537 ndptioe.
