2576 3760
531 211 569 257 P.
592 208 785 254 cananei
987 189 1136 275 [ActII.

260 363 342 425 Nam
363 364 445 444 qudd
465 373 500 425 tu
520 385 628 444 speres,
642 361 825 442 prepulsabo
845 360 942 422 facile.
984 381 1057 422 uxo-

419 497 483 536 rem
497 476 544 536 his
559 475 692 536 neribus
1079 475 1138 536 395

259 586 278 624 a
370 587 387 624 a
480 586 497 624 a<
590 586 607 624 a<
699 585 717 623 a
808 584 826 622 a
919 559 1046 624 ιμ’*

259 666 356 728 Dabit
370 671 466 743 nemo„
508 666 650 728 Inueniet
663 668 785 745 inopem
799 666 907 744 potius,
922 669 1012 746 quain
1026 675 1057 727 te

421 779 575 858 corrumpi
588 778 677 839 sinat.

259 889 319 951 Sed
343 891 369 950 ei
392 898 423 950 te
447 910 542 970 aequo
567 891 669 951 animo
692 888 772 949 ferre
794 888 930 967 accipiet,
956 888 1055 968 negle-

419 1010 540 1080 gentem
555 1001 676 1061 feceris:

258 1113 334 1174 Alie
346 1113 458 1175 dtiosus
476 1116 618 1193 quaeret:
639 1113 754 1173 interea
774 1112 891 1193 aliquid
911 1113 1056 1174 acciderit

417 1230 497 1292 boni.

178 1342 233 1402 Pa.
255 1341 326 1402 Itan
341 1342 459 1403 credis?
497 1342 559 1403 Da.
579 1341 676 1402 Haud
695 1342 822 1403 dubium
843 1342 876 1402 td
897 1343 1056 1422 quidemst

418 1453 473 1514 Pa.
488 1453 571 1515 Vide
584 1456 643 1534 qut
657 1475 707 1514 me
720 1453 854 1514 inducas,
894 1454 955 1515 Dc.
970 1454 1056 1530 Quin

418 1565 517 1625 taces?

177 1676 233 1736 Pa.
255 1676 373 1737 Dicam.
415 1696 544 1755 puerum
563 1685 665 1737 autem
686 1679 724 1736 ne
738 1676 877 1737 resciscat
897 1677 974 1738 mihi
994 1699 1056 1739 ease

418 1807 458 1848 ex
472 1787 687 1850 illacautiost:
1076 1794 1135 1853 400

259 1901 341 1961 Nam
369 1899 524 1980 pellicitus
557 1922 625 1962 eum
659 1903 877 1979 suscepturum.
931 1901 991 1964 Da.
1026 1903 1054 1964 Ο

418 2008 536 2100 facinus
549 2009 662 2070 audax.
702 2009 758 2069 Pe.
779 2009 871 2069 Hanc
884 2010 974 2071 fidem

257 2122 322 2183 Sibi
333 2143 381 2182 me
391 2121 570 2196 ebsecrauit‚
580 2122 634 2201 qui
643 2141 675 2180 se
685 2120 774 2182 sciret
784 2123 846 2182 n6n
857 2121 1054 2196 deserturum,

416 2232 451 2290 nt
465 2231 578 2292 darem.

176 2344 236 2406 Da.
257 2342 429 2404 (iurabitur.
470 2342 523 2403 sed
536 2344 622 2421 pater
635 2341 728 2402 adest.
769 2345 893 2403 cauete
907 2363 968 2404 esee
988 2344 1054 2404 tris-

416 2462 477 2513 tem
491 2451 653 2519 sentiatis

402 2638 494 2699 Smo.
536 2638 659 2700 Davoa.
701 2639 905 2702 Panamnva.

175 2752 217 2814 di.
256 2749 369 2812 Reulso
383 2749 457 2830 quid
472 2757 566 2828 agant
579 2750 634 2809 adt
647 2749 721 2830 quid
736 2759 858 2829 captent
872 2752 985 2812 ctnslli.

176 2861 235 2922 Dc.
256 2860 320 2921 Hic
333 2861 414 2919 nune
428 2880 488 2920 non
503 2859 632 2931 dubitat,
644 2861 718 2939 quin
734 2868 762 2919 te
777 2861 940 2920 ducturum
954 2882 1051 2941 neges.
1073 2863 1132 2924 405

256 2970 354 3034 Venit
367 2971 530 3030 meditatus
544 2971 684 3030 alicunde
698 2992 736 3030 ex
751 2971 814 3032 sold
828 2971 911 3032 loco:

256 3082 431 3144 Orationem
446 3084 547 3159 sperat
561 3081 711 3142 inuenisse
724 3103 763 3156 sc,

258 3196 320 3272 Qui
335 3195 455 3254 differat
469 3204 498 3255 te
510 3217 517 3254 :
539 3197 626 3274 proin
641 3204 674 3255 tu
689 3196 738 3256 fac
752 3195 835 3275 apud
849 3205 879 3257 te
893 3198 927 3257 tt
940 3197 1005 3258 sies,

177 3307 232 3368 Pa.
254 3305 348 3366 Modo
373 3315 408 3365 ut
431 3305 552 3384 piissim
577 3305 674 3366 Daue.
716 3306 774 3367 Da
803 3305 900 3367 Crede
927 3308 1051 3387 inquam

416 3416 473 3476 hoc
487 3417 571 3490 mihi,
586 3416 754 3496 Pamphile,
