2576 3760
130 230 172 294 22
478 252 515 299 P.
539 253 733 299 raucum
958 235 1025 321 [Ac
1055 238 1086 306 Ι.

129 405 189 485 My.
211 404 317 467 Vnum
338 404 394 466 hcc
415 405 484 479 acio,
500 425 560 466 ease
580 408 727 482 meritam,
742 416 777 469 ut
797 427 912 470 memor
932 413 1007 471 esses

369 518 424 578 sui.

130 631 184 692 Pa.
209 630 329 691 Memor
351 632 464 690 tatem?
498 631 526 692 O
552 632 647 712 Mysis
676 632 780 713 Mysis,
805 635 898 695 etiam
926 637 1007 696 minc

369 743 444 803 mihi

210 857 330 937 Scripta
343 857 399 917 illa
415 858 497 918 dicta
510 861 581 919 sunt
594 860 627 918 in
641 860 743 921 animo
758 860 916 940 Chrysidis

210 970 259 1031 De
273 968 424 1050 Glycerio.
465 970 526 1030 iam
541 971 634 1031 ferme
655 973 784 1032 moriens
798 975 846 1032 me
860 981 966 1034 uocat:

191 1082 349 1143 mecam:
370 1102 424 1142 uos
436 1085 575 1144 semctae.
618 1083 682 1144 Nos
697 1085 770 1145 soli:
791 1085 900 1165 incipit
1027 1086 1086 1146 285

211 1194 275 1254 ‘Mi
298 1193 467 1274 Pamphile,
492 1195 583 1257 huius
608 1197 736 1257 ferinam
761 1206 852 1284 atque
877 1201 1006 1259 aetatem

369 1307 467 1368 uides:

211 1419 277 1480 Nec
297 1418 375 1481 clam
396 1428 427 1481 te
447 1430 500 1495 est,
514 1442 606 1501 quam
626 1395 675 1482 iili
697 1426 777 1484 m'mc
798 1431 943 1503 utraeque
964 1423 1007 1483 in-

370 1533 459 1594 utiles

210 1645 254 1707 Et
266 1645 306 1708 ad
319 1647 497 1726 pudicitiam
511 1651 541 1708 et
555 1648 595 1708 ad
609 1669 673 1709 rem
687 1649 846 1710 tutandam
860 1648 946 1711 sient.

211 1759 303 1838 Quod
316 1763 372 1839 ego
385 1781 439 1841 per
452 1761 532 1823 hanc
550 1770 580 1822 te
600 1762 740 1822 dextram
761 1782 813 1822 cro
834 1770 865 1822 et
885 1761 1007 1840 genium
1024 1830 1027 1836 ,

372 1881 466 1947 tuom,

210 1987 271 2049 Per
284 1989 368 2049 tuam
382 1987 471 2047 fidem
486 2007 598 2066 perque
612 1987 701 2048 huius
715 1987 908 2048 solitudinem
1028 1985 1086 2050 290

209 2098 254 2161 Te
267 2099 406 2172 obtestor,
415 2118 452 2158 ne
463 2097 517 2157 abs
528 2106 558 2157 te
568 2097 648 2159 hanc
662 2101 797 2178 segreges
808 2118 867 2157 neu
879 2098 1011 2178 deseras,
1068 2170 1070 2173 Ι

211 2211 244 2271 Si
258 2221 289 2272 te
302 2213 335 2271 in
348 2209 484 2290 germani
498 2209 600 2270 fratris
615 2211 711 2270 dilexi
725 2211 791 2271 loco

209 2329 282 2390 Siue
295 2327 369 2386 haee
384 2333 413 2384 te
425 2322 523 2382 solum
538 2327 655 2402 semper
669 2323 740 2383 fecit
754 2321 891 2382 maxumi

209 2442 269 2503 Seu
283 2440 341 2502 tibi
354 2441 502 2520 morigera
516 2439 574 2499 fuit
588 2438 620 2497 in
635 2436 723 2497 rebus
737 2435 884 2509 6mnibuS,

209 2553 253 2614 Te
266 2551 317 2612 isti
330 2551 431 2611 uirum
446 2551 494 2624 do,
509 2551 641 2610 amicum
656 2549 787 2608 tutorem
800 2554 935 2626 patrem:
1027 2545 1086 2606 295

210 2665 298 2727 Bona
311 2667 413 2726 n6stra
430 2664 505 2724 haec
519 2663 576 2725 tibi
590 2663 732 2744 permitto
754 2670 784 2722 et
804 2669 875 2722 tuae
895 2661 1006 2721 mandt‘)

370 2777 447 2838 fide!

210 2890 302 2952 Hanc
316 2889 358 2948 mi
372 2891 405 2948 in
419 2909 544 2949 manum
559 2890 628 2950 dat:
650 2890 730 2946 murs
752 2885 895 2945 continuo
909 2883 1006 2962 ipsam

371 3004 507 3082 becupat.

209 3114 342 3194 Accepi:
377 3123 533 3193 acceptam
559 3109 694 3172 seruabo.
747 3109 807 3188 My.
843 3107 893 3168 Ita
920 3109 1007 3187 spem

370 3229 501 3309 quidem.
701 3223 703 3228 ’

131 3340 184 3402 Ρα.
208 3339 352 3419 Propera.
394 3347 484 3416 atque
498 3337 613 3398 audin?

209 3452 349 3515 Verbum
363 3453 457 3512 smum
472 3471 546 3512 caue
560 3451 598 3512 de
611 3451 733 3530 nuptiis,
748 3471 786 3511 ne
807 3449 847 3512 ad
866 3449 1006 3513 mcrbum

369 3565 426 3626 hoc
441 3565 541 3625 etiam.
584 3565 643 3644 My.
666 3565 773 3626 Teneo.
1028 3563 1088 3625 300
