2576 3760
162 247 418 335 ScIII.1-4l.]
515 268 769 317 ADELPHOE.

243 419 396 482 Absrirda.
437 421 527 502 piscis
542 425 653 483 ceteros
668 424 775 503 purga,
790 422 927 486 Dromo:

243 532 396 613 Congrum
407 535 499 594 istum
512 554 691 595 maxumum
702 537 734 594 in
746 555 826 614 aqua
837 535 927 596 sinito
939 534 1044 596 ledere

242 645 419 727 Tantisper:
441 647 494 708 ubi
509 669 563 726 ego
578 648 703 722 rediero,
718 647 922 709 exossdbitur:

242 756 332 818 Prius
359 758 438 820 nolo.
479 759 535 820 De.
561 760 682 821 Haecin
711 760 845 839 flagitia!
887 760 934 840 Sy.
960 759 1040 820 Mihi

402 872 524 950 quidem
538 871 599 932 tao
613 873 743 951 placent,

242 983 285 1044 Et
298 985 396 1045 clamo
409 1005 505 1065 saepe.
549 986 731 1046 selsamenta
745 987 828 1060 haec,
844 986 1018 1066 stephanio,
1061 986 1120 1048 380

242 1093 306 1156 Fac
337 1097 526 1156 macerentur
561 1095 731 1181 pilchrcyj
750 1097 806 1158 De.
835 1097 878 1156 Di
905 1098 1038 1158 nostram

401 1207 501 1282 fidem,

243 1322 354 1385 Vtrilm
369 1323 507 1384 studione
521 1323 552 1382 id
567 1323 625 1383 sibi
641 1323 732 1384 habet
746 1345 783 1384 an
801 1323 888 1384 laudi
901 1331 998 1403 putat,

241 1434 329 1509 Fore,
345 1437 372 1496 si
385 1436 550 1515 perdiderit
563 1437 712 1515 gnitum?
733 1457 790 1498 uae
805 1437 912 1496 miseri)
926 1437 1010 1497 mihi.

241 1545 354 1608 Videre
370 1547 474 1608 uideor
489 1548 549 1607 iim
564 1548 643 1608 diem
656 1547 753 1620 ilium,
765 1569 854 1627 quom
867 1549 938 1608 hine
949 1569 1038 1627 egens
1183 1607 1190 1616 ,
1213 1590 1224 1609 .

241 1656 399 1737 Profdgiet
412 1657 515 1736 aliquo
530 1657 704 1718 militatum.
747 1657 794 1736 Sy.
810 1657 837 1718 Ο
853 1658 977 1732 Demea,
1059 1659 1117 1718 385
1146 1665 1164 1679 “’

242 1771 323 1831 Istric
338 1780 382 1832 est
396 1791 508 1850 sapere,
522 1773 582 1830 ndn
598 1770 678 1850 quod
692 1778 762 1830 ante
777 1771 866 1849 pedes
880 1772 999 1832 modost
1124 1737 1192 1855 jis

241 1883 364 1958 Videre,
377 1886 429 1945 sed
444 1885 535 1944 etiam
549 1883 606 1944 illa
620 1904 697 1963 quae
711 1884 815 1943 futdra
828 1893 899 1944 sunt

241 1996 425 2077 Prospicere.
466 1996 523 2056 De.
545 1995 653 2072 Quid?
673 1995 766 2056 istaec
786 1995 846 2077 iim
870 2015 960 2074 penes
984 2015 1039 2056 uos
1118 2034 1127 2074 ;
1152 2076 1156 2088 .
1183 2025 1187 2036 ·

397 2109 577 2189 'psiltriasti
754 2109 864 2221 ‘wi
881 2103 996 2210 AB»
1089 2087 1136 2196 ἐξ
1221 2189 1228 2200 Ι

159 2224 207 2304 Sy.
240 2223 343 2285 Ellam
363 2224 454 2285 intus.
496 2223 552 2283 De.
574 2223 651 2295 Eho,
667 2243 707 2282 an
728 2222 839 2282 domist
859 2221 1041 2286 habiturus?
1078 2215 1114 2314 j
1154 2257 1172 2314 .-

400 2336 447 2415 Sy.
463 2335 569 2407 Credo,
585 2345 676 2395 utest
1069 2309 1116 2410 ti,
1158 2334 1161 2343 '

241 2447 411 2510 Dementia.
452 2449 508 2508 Dc.
523 2448 641 2509 Haecin
657 2447 742 2508 fieri!
784 2447 831 2527 Sy.
846 2448 957 2530 Inepta
967 2449 1039 2510 leni.
1071 2387 1143 2460 μ’
1197 2403 1216 2459 *³

400 2570 447 2622 tas
492 2615 494 2622 ,
1060 2564 1119 2625 390

212 2748 215 2754 .
241 2673 341 2735 Patris
375 2677 406 2735 et
439 2673 569 2734 facilitas
605 2675 709 2753 praua.
751 2672 807 2734 De.
838 2673 956 2734 Fratris
990 2678 1039 2736 me

319 2793 321 2798 ’
401 2786 522 2866 quidem
591 2858 592 2863 η

241 2898 341 2960 Pudet
361 2899 511 2979 pigetque.
553 2898 599 2977 Sy.
627 2897 766 2957 NImium
791 2898 870 2958 inter
891 2920 954 2971 uos,
978 2899 1038 2960 De-

400 3031 477 3085 mea,

242 3124 328 3199 (Non
347 3125 420 3204 quia
438 3124 509 3184 ades
530 3143 668 3202 praesens
684 3122 752 3182 dico
768 3121 840 3200 hoc)
855 3123 1036 3200 pernimium

400 3238 479 3296 inter
493 3244 545 3295 est.

239 3345 296 3419 Tu,
312 3346 442 3425 quintus
457 3343 606 3423 quantus,
620 3343 666 3403 nil
682 3343 739 3404 nisi
753 3345 904 3423 sapientia
918 3366 957 3419 es,

240 3456 300 3518 Ille
312 3456 471 3519 somnium.
512 3475 584 3515 aum
596 3457 709 3515 sineres
723 3474 796 3514 uero
810 3455 900 3514 illem
916 3464 999 3514 tuom
1058 3456 1117 3513 395
