2576 3760
506 197 546 245 Ρ.
569 195 764 243 annnam
963 181 1113 270 [AatV.,
1272 143 1273 226 i

406 847 855 940 AcnvsV.

441 1057 666 1108 CHREMES.
698 1057 822 1106 SIMO.

532 1247 733 1289 W*-

156 1417 207 1482 Oh.
232 1419 326 1482 Sans
348 1419 411 1480 iam
434 1418 516 1493 satis,
537 1416 629 1491 sima,
651 1427 786 1497 spectata
811 1422 882 1499 erga
904 1428 934 1481 te
957 1420 1031 1480 ami·

392 1533 490 1593 eitiast
504 1552 589 1592 mea:
1051 1529 1111 1590 820

231 1646 309 1707 satis
318 1647 423 1726 pericli
434 1646 532 1726 incepi
543 1646 643 1707 adire:
662 1645 768 1706 orandi
779 1645 839 1704 iam
851 1645 941 1705 finem
953 1645 1027 1706 sace.

232 1759 316 1822 Dnm
337 1760 443 1821 studeo
467 1758 592 1838 obsequi
616 1757 682 1832 tibi,
704 1777 800 1838 paene
821 1758 912 1818 inlnsi
934 1759 1030 1818 uitam

391 1872 485 1933 filiae.

150 1981 193 2044 Si
231 1968 331 2044 Immo
345 1984 425 2043 enim
440 2004 521 2043 nune
536 2004 627 2063 quom
642 1985 785 2043 maxume
799 1981 853 2043 abs
868 1992 898 2043 te
912 1983 1030 2062 ptstulo

393 2104 484 2175 atque
497 2098 558 2168 ort,
573 2094 724 2169 Chremes,

232 2187 278 2271 Vt
298 2209 477 2270 beneficium
498 2208 597 2269 uerbis
618 2209 728 2269 initum
754 2209 869 2269 dadum
891 2230 977 2273 nune
997 2231 1028 2270 re

393 2321 574 2401 ctmprobes.

158 2433 208 2495 Olt.
233 2432 315 2495 Vide
339 2454 430 2513 quam
455 2433 574 2514 iniquos
598 2435 638 2494 sis
661 2454 735 2514 prae
759 2434 875 2495 studio:
901 2436 973 2495 dam
998 2437 1030 2496 id

393 2543 503 2605 efficias
524 2543 604 2624 qutd
625 2544 718 2623 cupis,
1050 2546 1109 2606 825

231 2653 339 2735 Neque
353 2654 476 2714 modum
490 2655 686 2734 benignitatis
700 2657 797 2734 neque
812 2655 886 2735 quid
901 2677 948 2716 me
963 2676 1027 2716 ores
1062 2679 1069 2694 ²

393 2767 522 2847 etgitas:

231 2880 262 2940 N
263 2883 312 2940 am
321 2880 346 2941 si
357 2880 476 2959 cogites
486 2880 621 2941 remittas
634 2880 694 2940 iam
706 2901 754 2940 me
765 2901 889 2941 onerare
899 2881 1025 2942 ininriis.

151 2991 191 3051 Si.
230 2990 370 3066 Quibus?
416 2988 467 3052 Oh.
493 2988 538 3050 At
565 2989 698 3068 rogitas?
726 2989 885 3068 perpulisti
913 3010 969 3063 me,
995 2992 1029 3050 tt

14 3111 141 3146 “ww--
391 3103 507 3164 homini
528 3101 754 3163 adulescentulo

231 3195 268 3283 in
280 3214 341 3275 alio
352 3217 497 3293 occupato
508 3234 619 3286 amore,
631 3214 806 3274 abhtrrenti
817 3213 857 3275 ab
867 3236 898 3275 re
907 3215 1026 3287 metria,

231 3323 345 3384 Filiam
354 3333 389 3384 ut
403 3324 505 3384 darem
521 3326 554 3383 in
568 3323 744 3383 seditionem
755 3326 845 3403 atque
855 3325 887 3384 in
899 3326 1029 3386 incertas

391 3437 521 3517 nfiptias,
1049 3437 1109 3499 830
