2576 3760
160 261 497 348 sensi-Ilion]
542 278 732 325 Annum.
1076 255 1118 320 39

160 442 203 503 si.
242 439 341 500 Immo
354 439 400 499 ite
413 437 484 498 uolo
498 437 601 517 itaque
615 433 735 515 postulo
749 442 785 494 ut
798 432 861 506 fiet,
875 430 1035 493 Chremes:
1061 430 1120 490 550

244 551 352 631 Neque
371 549 522 630 postulem
550 547 604 608 abs
631 555 670 618 te,
692 545 723 604 ni
751 547 819 623 ipsa
842 565 889 604 res
913 544 1041 602 monett.

408 660 458 724 05.
480 659 565 736 Quid
579 659 644 719 est?

163 778 205 841 Ni„
245 777 313 837 Irae
340 784 411 836 suut
438 774 517 833 inter
544 769 721 850 Glycerium
750 776 780 829 et
806 777 942 847 gnatum.
990 765 1040 829 Oh.

403 885 516 947 Audio.

163 1001 205 1063 st.
243 999 293 1061 Ito
326 999 463 1078 mtgnae
498 1005 533 1081 ut
565 1015 682 1075 sperem
716 996 800 1074 posse
834 992 936 1054 auelli.
991 990 1041 1053 05.

404 1111 551 1172 Nebulae.

165 1227 207 1288 si.
244 1224 382 1286 Profecto
396 1224 438 1285 sio
452 1233 505 1284 est.
552 1221 602 1285 ot
620 1220 672 1283 Sic
686 1219 788 1281 hercle
802 1228 837 1280 ut
850 1219 950 1280 dicem
965 1218 1041 1280 tibi:

245 1337 426 1398 Amtntium
441 1335 505 1394 irae
519 1333 629 1395 amoris
643 1329 842 1412 integrttiost.
1064 1329 1123 1388 555

167 1450 208 1512 si.
246 1447 434 1520 Hem,idte
456 1449 510 1508 oro
531 1455 657 1508 utente
677 1449 788 1508 erimus.
831 1447 904 1507 dum
927 1447 1044 1526 tempus

406 1556 506 1630 datur,

247 1672 391 1751 Dumque
404 1673 468 1731 eius
482 1669 589 1731 lubido
603 1670 751 1742 ocoldsest
765 1669 964 1744 contumeliis,

248 1785 337 1845 Prius
351 1804 442 1863 quam
453 1784 561 1844 hdrum
572 1782 685 1843 scelere
695 1792 725 1843 et
735 1782 889 1844 Iterumne
899 1782 1044 1844 confictae

407 1895 485 1956 dolis

248 2009 434 2071 Reddueunt
442 2010 578 2069 animum
588 2009 745 2088 aegrotum
754 2008 1045 2082 admiserioordiam,

248 2122 385 2186 onrem
400 2123 513 2182 demus.
555 2125 641 2201 spero
656 2122 871 2183 consuetudine
884 2131 914 2182 et
1067 2121 1126 2182 500

249 2234 397 2313 Coniugio
411 2233 530 2294 libersli
545 2234 729 2305 deuinctum,
745 2232 897 2306 Chremes,

249 2346 330 2406 Dein
344 2345 433 2406 fenile
446 2366 485 2405 ex
498 2345 560 2405 illis
574 2348 636 2405 sese
649 2347 834 2405 emersurum
849 2346 947 2406 malis.

177 2455 226 2520 05.
246 2456 315 2517 Tibi
330 2456 373 2516 ita
387 2455 443 2516 hoe
458 2455 595 2515 uidetur:
617 2456 649 2515 tt
663 2475 717 2534 ego
731 2475 791 2514 non
805 2476 890 2535 posse
904 2455 1035 2517 §rbitror

250 2568 357 2648 Neque
377 2567 466 2627 illum
488 2567 565 2627 hene
585 2576 732 2645 perpetuo
752 2566 864 2627 habere
884 2587 982 2648 neque
1001 2589 1049 2629 me

411 2679 536 2759 perpeti.

171 2797 212 2858 si.
251 2793 315 2872 Qui
329 2795 387 2855 sets
401 2814 471 2872 ergo
485 2792 571 2866 istuc,
587 2793 645 2852 nisi
660 2793 808 2872 periclum
823 2793 949 2855 feceris?
1069 2795 1128 2856 565

178 2908 227 2971 Oh.
248 2904 294 2967 At
307 2906 384 2967 istuc
398 2906 545 2985 periclum
560 2905 592 2964 in
607 2905 676 2967 filie
688 2905 756 2966 fieri
769 2916 899 2986 grauest.

172 3021 212 3082 Si.
250 3019 368 3098 Nempe
382 3018 612 3078 incommoditas
626 3017 754 3098 denique
768 3019 828 3079 huc
842 3020 940 3080 omnis
953 3020 1040 3094 redit,

251 3131 283 3191 Si
297 3130 426 3204 eueniat,
441 3130 523 3211 quod
536 3130 568 3190 di
582 3131 771 3210 prohibeant,
786 3132 932 3193 discessio.

251 3240 296 3301 At
309 3239 336 3300 si
349 3239 518 3318 corrigitur,
533 3241 607 3320 quot
620 3241 847 3302 commoditates
862 3242 951 3323 uide:

251 3350 407 3437 Principio
422 3351 518 3434 emico
532 3351 634 3434 tilium
649 3352 823 3435 restitueris,
1070 3353 1130 3412 570

253 3461 322 3548 tibi
335 3466 480 3549 generum
493 3462 615 3548 firmum
628 3471 659 3524 et
671 3461 757 3522 filine
771 3460 905 3538 inuenies
919 3461 1029 3543 uirum.
