2586 3764
159 241 222 304 128
507 256 546 304 P.
568 256 763 303 rmammrr
968 239 1051 326 [Act
1065 239 1114 311 V.

158 413 212 472 Mi.
238 411 315 473 Soio.
351 412 407 473 De.
422 412 532 473 Parere
547 411 608 472 iam
623 412 676 472 diu
691 412 766 473 haec
782 433 836 493 per
857 430 951 472 annos
971 411 1035 470 non

396 532 494 602 potest
505 545 511 584 ε

237 636 302 697 Neo
329 637 382 716 qui
409 638 474 696 eam
504 636 644 714 respiciat
668 638 826 715 quisquam
851 644 911 696 est:
932 635 1033 697 solast.

397 746 452 805 Mi.
467 745 570 821 Quam
586 745 635 805 hio
650 765 713 805 rem
728 745 813 823 agit?

157 856 213 916 De.
239 856 1032 935 Hancteaequomstducere,etteoperamutfiatdare.

157 969 212 1030 Mi.
237 969 289 1030 Me
313 969 421 1029 drioere
446 970 569 1029 autem?
610 968 665 1028 De.
689 967 740 1028 Te.
783 969 837 1028 Mi.
861 969 936 1028 Me?
976 968 1032 1030 De.

396 1078 439 1139 Te
453 1079 587 1158 inquam.
630 1078 684 1138 Mi.
700 1077 824 1178 Inepiis.
868 1078 923 1139 De.
944 1078 977 1139 si
998 1087 1032 1138 tu

395 1193 435 1252 sis
449 1191 548 1263 homo,

237 1303 300 1364 Hic
311 1303 410 1364 faciat.
452 1303 506 1363 Ae.
522 1303 568 1362 Mi
582 1305 676 1382 pater.
719 1303 773 1363 Mi.
790 1302 874 1379 Quid
885 1312 919 1363 tu
931 1313 1032 1364 autem

396 1415 476 1488 huic,
491 1415 581 1488 asine,
596 1414 769 1475 auscultas?
810 1415 865 1475 De.
881 1415 935 1475 Nil
951 1415 1032 1494 agis:
1054 1415 1115 1476 935

235 1525 319 1588 Fieri
333 1525 421 1586 aliter
431 1546 492 1586 non
504 1529 608 1604 potest.
650 1524 706 1585 Mi.
721 1524 851 1585 Deliras.
893 1526 947 1586 Ae.
961 1525 1033 1586 Sine

395 1647 426 1698 te
440 1659 570 1711 exorem,
586 1639 629 1698 mi
643 1647 738 1718 pater.

69 1821 72 1834 y
156 1754 211 1815 Mi.
236 1752 373 1814 Insania:
408 1751 502 1812 aufer.
551 1751 607 1812 De.
637 1745 714 1831 Age,
739 1751 779 1812 da
806 1751 925 1812 ueniam
956 1750 1031 1812 iilio.

396 1864 451 1925 Mi.
473 1863 557 1925 Satin
579 1866 740 1926 sanuses?

236 1976 303 2057 Ego
316 1979 410 2037 nouos
421 1977 548 2036 maritus
562 1977 640 2036 anno
652 1977 772 2037 demum
784 1977 891 2057 quinto
905 1984 936 2037 et
949 1997 1032 2038 sexa-

395 2091 539 2167 gensumo

235 2201 325 2261 Fiam
336 2202 427 2279 atque
437 2220 530 2259 anum
542 2199 726 2278 decrepitam
738 2199 868 2260 ducam?
883 2201 952 2261 idne
963 2200 1032 2261 estis

396 2317 532 2374 auctores
547 2314 642 2374 mihi?

156 2432 209 2491 Ae.
237 2428 319 2491 Fac:
340 2427 463 2508 promisi
482 2446 537 2504 ego
558 2426 628 2486 illis.
670 2428 725 2488 Mi.
747 2427 889 2489 Promisti
910 2429 1032 2488 autem?

397 2539 436 2599 de
449 2547 479 2598 te
492 2538 628 2620 largitor,
643 2559 726 2618 puer.
1053 2538 1114 2601 940

155 2655 211 2715 De.
236 2653 313 2733 Age,
325 2651 399 2731 quid
409 2649 510 2729 siquid
521 2658 552 2710 te
562 2649 659 2710 maius
670 2651 757 2711 orei?
798 2651 851 2711 Mi.
864 2651 959 2727 Quasi
971 2671 1032 2712 non

393 2763 450 2823 hoo
464 2762 504 2823 sit
517 2764 705 2822 maxumum.

155 2879 211 2939 De.
236 2877 287 2937 Da
301 2875 431 2936 ueniam.
473 2876 526 2935 Ao.
548 2874 596 2934 Ne
617 2877 752 2952 grauere.
793 2873 849 2935 De.
871 2873 943 2948 Fac,
965 2895 1032 2955 pro·

396 2989 491 3048 mitte.
533 2987 588 3046 Mi.
604 2985 675 3046 Non
689 2987 850 3046 omittitis?

155 3106 209 3167 Aa.
237 3105 318 3179 Non,
331 3104 390 3164 nisi
404 3114 435 3164 te
448 3123 578 3165 exorem.
620 3103 675 3163 Mi.
691 3101 749 3164 Vis
761 3111 805 3163 est
815 3103 890 3162 baec
901 3102 1031 3182 quidem.

394 3216 449 3276 De.
464 3209 533 3294 A'ge
546 3215 674 3295 prolixe,
685 3214 788 3276 Micio.

154 3329 210 3388 Mi.
235 3328 303 3389 Etsi
313 3328 370 3389 hoc
382 3327 457 3387 mihi
467 3346 594 3407 prauom
609 3325 746 3405 ineptum
760 3325 927 3387 absurdum
940 3334 1031 3406 atque

395 3439 528 3499 alienum
542 3459 561 3498 a
574 3438 639 3498 uita
652 3458 720 3498 mea
