2576 3760
164 227 204 290 58
511 244 548 291 P.
572 245 766 290 nnnnrrrr
971 226 1053 313 [Act
1070 228 1119 298 V.

103 451 108 462 .
162 398 222 459 Da.
244 378 311 478 figo
326 400 558 462 commodiorem
574 401 725 461 hominem
742 401 907 462 aduentum
922 405 1040 482 tempus

404 531 462 570 non
479 511 552 571 uidi.
592 510 634 572 Si.
649 511 761 585 Scelus,

244 620 343 697 Quem
354 643 424 682 nam
436 621 486 682 hio
497 622 623 682 laudat?
664 623 723 682 Do.
739 600 846 683 Cmnis
861 644 907 684 res
921 633 965 684 est
979 625 1039 684 iam

402 736 434 794 in
448 736 536 796 uado
577 735 619 796 St.
634 735 722 796 Cesso
737 736 882 816 odioqui?
1062 739 1121 797 845

162 846 222 907 Da.
243 824 324 907 Firus
338 855 399 908 est:
422 847 495 927 quid
510 848 621 928 agam?
661 847 703 908 St.
725 847 753 908 0
774 848 867 921 silue,
884 849 962 912 bone
982 851 1040 910 uir.
1143 893 1146 898 Δ

402 960 461 1021 Da.
477 942 575 1020 Ehem
590 961 681 1033 Simo,
696 981 713 1020 ο
728 964 829 1021 noster
843 961 994 1035 Chremes,

243 1051 355 1133 Cmnia
375 1072 522 1152 adpartta
543 1073 604 1132 iam
624 1081 696 1132 sunt
716 1073 807 1133 intus
848 1073 891 1134 St.
918 1073 1041 1135 Curasti

404 1187 504 1266 probe.

162 1296 222 1357 Da.
245 1273 308 1358 <hi
332 1297 424 1371 uoles,
449 1301 570 1359 aroesse.
611 1297 654 1360 si.
682 1297 766 1359 Bene
789 1319 880 1359 sane:
902 1299 935 1357 id
960 1299 1041 1360 enim

403 1430 474 1470 uero
489 1411 559 1470 hinc
574 1413 654 1471 mino
669 1411 761 1472 abest.
788 1418 790 1423 '

243 1503 346 1598 Etiam
361 1533 394 1583 tu
409 1524 466 1584 hoe
481 1524 651 1603 respondes,
660 1525 734 1604 quid
745 1526 812 1586 istic
823 1525 880 1586 tibi
892 1527 1042 1604 negotist?

402 1637 463 1697 Do.
484 1637 607 1697 Mihin?
646 1637 689 1698 St.
704 1637 761 1698 Ita.

162 1750 223 1810 Do.
244 1749 366 1810 Mihin?
406 1749 448 1810 Si.
470 1749 539 1810 Tibi
561 1770 640 1829 ergo
682 1750 742 1810 Da.
768 1749 860 1811 Modo
886 1772 937 1830 eqo
961 1752 1041 1812 intro

402 1860 454 1922 iui.
508 1860 551 1921 St.
580 1860 675 1937 Quisi
708 1880 763 1938 ego
795 1882 886 1940 quam
924 1861 1040 1922 dudlim

403 1995 514 2055 rogem.
1061 1977 1122 2037 850

157 2091 223 2153 Da.
245 2089 323 2154 com
343 2099 397 2152 tuo
417 2099 509 2169 gnato
529 2110 598 2150 una.
638 2088 680 2149 St.
696 2069 787 2147 tinne
801 2097 845 2148 est
859 2087 940 2147 intus
954 2087 1040 2148 Prim·
1092 2075 1094 2078 ¹

402 2202 525 2282 philus?
546 2201 663 2280 crucior
677 2199 774 2259 miser.

241 2317 320 2391 Eho,
334 2337 395 2377 non
409 2325 443 2376 tu
457 2315 537 2375 dixti
551 2312 706 2374 esseinter
720 2333 768 2373 eos
783 2314 969 2386 inimicitias
979 2315 1041 2374 cir·

400 2428 516 2489 nufex?

160 2544 220 2605 Da.
241 2542 326 2604 sont.
368 2541 411 2602 Si.
427 2541 514 2616 Quor
523 2540 615 2618 igitur
623 2540 675 2600 hic
686 2541 750 2599 est?
796 2537 1039 2614 Otouidillum

400 2651 519 2712 oenses?
539 2671 607 2710 eum
623 2651 678 2711 illa
693 2651 803 2729 litigat.

159 2768 219 2828 Da.
240 2749 339 2828 immo
362 2786 435 2826 uero
459 2764 628 2844 indignum,
651 2762 802 2835 Chremes,
827 2762 890 2823 iam
920 2763 1037 2824 sicinus

399 2878 471 2940 faxo
485 2899 524 2938 ex
539 2898 585 2937 me
601 2877 716 2937 andins.

239 2994 347 3055 Nescio
360 2993 414 3074 qui
428 2996 520 3054 senex
535 2992 624 3053 modo
639 2991 740 3052 uenit:
760 2991 864 3065 ellum,
879 2992 1037 3066 confidens,

399 3113 505 3167 catus:
751 3132 752 3136 ¹
1059 3107 1120 3166 855

238 3221 339 3297 Quom
367 3220 476 3282 faeiem
504 3220 616 3295 uidens,
642 3219 764 3280 uidetur
792 3215 854 3280 esse
883 3220 1037 3299 quantiuis

397 3329 494 3409 preti:
860 3304 864 3318 x

237 3443 344 3504 Tristis
363 3444 505 3506 seueritis
525 3443 603 3504 inest
621 3444 653 3503 in
672 3444 760 3504 uoltu
779 3451 872 3523 atque
885 3443 918 3514 in
932 3443 1034 3504 uerbis

396 3559 478 3619 fides.
