2586 3764
505 243 544 289 Ρ.
567 239 760 286 Tanaim
967 217 1049 305 [Act
1063 218 1113 288 V.

235 399 327 476 Quod
348 397 417 459 illis
436 406 483 458 sat
503 405 587 457 aetas
608 397 702 455 acuet.
745 394 801 456 De.
829 393 878 454 Ne
905 381 1034 453 niniidm

396 510 485 570 modo
1056 507 1115 565 835

235 621 338 683 Bonae
353 631 424 682 tuae
438 622 512 681 istae
526 624 580 681 nes
595 621 735 694 rationea
750 620 853 694 Micio,

235 733 278 794 Et
305 735 371 794 tdos
399 734 454 794 iste
482 733 601 793 animus
630 736 739 812 aequos
769 732 936 794 subuertit:
977 734 1032 794 Mi.

396 845 493 907 Tace:

234 959 306 1021 Non
319 960 382 1021 liet.
425 960 510 1021 mitte
524 960 585 1020 iam
600 962 708 1022 istaec:
730 959 770 1020 da
784 969 814 1020 te
828 960 917 1020 hodie
931 961 1022 1019 mihi:

237 1072 382 1152 Expdrge
395 1074 533 1135 frontem.
576 1075 631 1134 De.
647 1073 770 1135 Scilicet
780 1075 824 1134 ita
834 1077 953 1154 tempus
967 1075 1033 1147 fert,

236 1187 473 1248 Facidndumst:
496 1190 628 1249 ceterlim
644 1209 695 1247 rus
709 1208 775 1247 cras
789 1208 859 1247 cum
873 1187 941 1248 iilic
1054 1189 1115 1248 840
1197 1181 1202 1188 ’

236 1275 314 1358 Cum
325 1299 424 1377 primo
436 1296 498 1357 luci
509 1297 559 1357 ibo
570 1298 651 1357 hinc.
693 1297 748 1356 Mi.
759 1296 808 1356 De
816 1306 903 1378 nocte
913 1301 1032 1358 censeo:

235 1408 338 1469 Hodie
366 1409 455 1471 modo
483 1409 617 1470 hilarum
645 1409 693 1470 fac
720 1418 758 1471 te.
799 1410 855 1470 De.
879 1409 922 1470 Et
945 1410 1033 1470 istam

398 1521 555 1601 psaltriam

235 1633 309 1697 Vna
330 1633 405 1694 illuc
426 1655 544 1694 mecum
565 1634 636 1694 hinc
658 1633 839 1695 abstraham.
881 1634 936 1696 Mi.
955 1634 1035 1715 Pug-

399 1749 526 1810 minaria

236 1859 284 1920 Eo
298 1861 386 1939 paeto
401 1881 539 1939 prorsum
554 1861 600 1920 illi
615 1861 758 1941 adligaris
772 1861 882 1922 fflium.

235 1972 329 2032 Modo
353 1971 443 2033 facito
468 1981 503 2032 ut
527 1971 613 2033 illam
638 1976 748 2034 seruos,
790 1973 846 2034 De.
869 1974 936 2055 Ego
957 1976 1035 2037 istuc

396 2087 501 2148 uidero
1054 2089 1115 2149 845

236 2198 340 2277 Atque
353 2199 397 2258 ibi
411 2198 537 2259 fauillae
551 2198 651 2279 plena,
667 2199 744 2259 fumi
758 2220 794 2260 ac
808 2201 931 2278 pellinis

237 2308 400 2387 Coquendo
414 2308 453 2368 sit
467 2308 539 2368 faxo
553 2312 583 2370 et
597 2309 754 2369 molendo:
776 2313 896 2388 praeter
910 2311 984 2372 haec

237 2419 366 2480 Meridie
381 2419 445 2498 ipso
460 2421 569 2481 ficiam
585 2431 619 2481 ut
633 2421 777 2500 stipulam
793 2421 933 2502 celligat3

236 2530 312 2591 Tam
327 2534 483 2592 exedetam
498 2533 622 2593 reddam
642 2541 733 2611 atque
753 2535 851 2594 atram
865 2556 957 2614 quam
971 2557 1034 2597 car-

396 2643 471 2705 best.
513 2645 567 2704 Mi.
584 2645 705 2706 Placet:

237 2755 328 2816 Nunc
337 2757 413 2816 mihi
423 2757 526 2817 uidere
537 2759 648 2836 sapere.
684 2770 776 2839 atque
784 2761 922 2840 equidem
932 2762 1034 2823 illium
1054 2765 1117 2827 850

235 2867 314 2929 Tum
329 2869 454 2950 etiimlsi
465 2869 543 2929 nolit
554 2873 659 2949 eligam
672 2880 706 2932 ut
718 2893 786 2932 cum
799 2872 854 2933 illa
866 2877 926 2934 uni
936 2876 1033 2936 cubet.

157 2981 212 3040 De.
237 2980 385 3042 Derides?
406 2982 595 3056 fortunitu's,
610 2983 662 3063 qui
677 2984 732 3044 isto
746 2985 848 3046 animi)
862 2987 935 3049 sies:

232 3092 303 3178 'Ego
317 3095 420 3154 sentio.
463 3095 518 3154 Mi.
533 3094 595 3168 Ah,
610 3098 771 3176 pergisne?
812 3098 868 3160 De.
889 3099 955 3160 Iam
974 3103 1035 3164 iam

398 3207 510 3268 desino.

157 3319 212 3379 Mi.
237 3318 255 3378 Ι
271 3341 342 3400 crgo
362 3321 454 3394 intro,
468 3329 498 3381 et
519 3324 591 3403 quoi
611 3323 654 3385 rei
675 3334 728 3398 est,
743 3327 772 3386 ei
785 3327 828 3386 rei
842 3328 924 3389 hunc
937 3349 1035 3390 suma·

396 3432 463 3491 mis
476 3430 565 3493 diem.
