2576 3760
502 273 540 320 P.
564 271 758 318 umanum
892 250 894 254 ’
939 251 1020 338 [Act
1035 251 1109 317 III.

112 455 115 461 ’
229 428 447 488 Humenumst.
504 426 555 486 ubi
590 427 647 486 seit
681 425 804 498 fectum,
833 424 873 485 ad
902 432 1029 484 matrem

390 539 518 618 uirginis

229 651 325 714 Venit
339 653 423 731 ipsus
438 651 518 712 ultro
533 651 705 712 leerumans
719 671 808 712 orans
822 650 981 712 ebsecrans
1086 733 1088 738 Ι

230 764 337 824 Fidem
353 765 438 837 dans,
453 765 556 824 iurans
570 768 601 824 se
615 765 703 824 illam
717 764 881 824 ducturum
896 763 1029 824 domum.

229 877 409 957 Ignetumst,
424 877 589 950 tacitumst,
604 877 789 937 ereditumst.

229 991 289 1052 Ille
303 991 399 1052 benus
414 991 462 1051 uir
476 991 562 1051 nobis
577 991 743 1071 psaltriam,
757 990 782 1049 si
797 990 844 1050 dis
859 988 968 1070 placet,
1050 989 1109 1052 476

229 1103 365 1176 Pareuit
380 1104 504 1183 quicum
519 1105 627 1163 uiuat:
649 1102 735 1161 illam
750 1101 868 1162 deserit.

148 1214 204 1274 De.
230 1215 290 1274 Pro
304 1217 406 1275 certon
421 1223 454 1275 tu
469 1215 561 1276 istaec
575 1215 672 1275 dieis?
713 1213 770 1273 He.
786 1212 887 1274 Mater
901 1213 1029 1294 uirginis

229 1327 267 1388 In
282 1328 416 1401 mediost‚
431 1328 497 1408 ipsa
512 1331 608 1407 uirga,
623 1347 669 1388 res
683 1328 757 1408 ipsa,
772 1327 823 1387 hie
836 1326 916 1389 Geta

230 1441 400 1512 Praeterea,
416 1449 449 1500 ut
463 1450 569 1520 captus
583 1443 628 1500 est
641 1461 806 1514 seruorum,
821 1444 882 1501 nen
897 1440 996 1500 malus
1049 1441 1110 1502 480

230 1553 338 1632 Neque
352 1553 447 1612 iners:
469 1553 526 1613 alit
540 1553 619 1627 illas,
633 1553 714 1614 selus
728 1575 847 1614 omnem
863 1553 1010 1613 semiliam

229 1663 403 1724 Sustentat:
425 1663 507 1725 hunc
521 1665 646 1738 abduce,
662 1664 753 1738 uinci,
771 1668 881 1744 quaere
896 1685 968 1724 rem.

155 1777 205 1838 Ge.
231 1775 328 1836 Immo
338 1776 439 1837 hercle
448 1786 602 1858 extorque,
612 1779 670 1839 nisi
681 1777 724 1839 ita
733 1778 885 1851 factumst,
896 1777 1028 1850 Demea;

229 1887 385 1964 Postremo
399 1909 460 1948 non
474 1890 614 1968 negebit:
638 1910 739 1950 coram
752 1890 851 1969 ipsum
866 1886 947 1950 dedu.
1052 1917 1056 1922 ·

149 2000 205 2060 De.
229 1999 345 2059 Pudet:
366 2020 422 2060 nee
447 2001 521 2080 quid
548 2021 638 2080 agam
666 2004 764 2081 neque
791 2002 865 2081 quid
889 2002 961 2063 huie
985 2023 1029 2063 re·

392 2112 556 2192 spendeam
1049 2113 1109 2175 485

229 2222 305 2286 Seis).
346 2225 402 2285 Pa.
417 2224 561 2285 Miseram
575 2246 632 2298 me,
646 2225 770 2287 differor
784 2226 946 2288 doleribus.

150 2333 208 2394 He.
230 2334 329 2395 Hem:

232 2446 327 2507 Illaec
341 2447 431 2507 fidem
446 2467 528 2508 nune
542 2450 675 2508 uestram
690 2449 832 2528 implorat,
847 2449 971 2525 Demea,

230 2559 321 2634 Quod
336 2560 381 2618 iris
395 2580 448 2620 uos
463 2560 551 2639 cogit,
568 2561 600 2620 id
615 2560 773 2624 uoluntate
786 2565 925 2642 inpetrat.
1047 2564 1108 2627 490

230 2670 317 2730 Haec
341 2672 474 2748 primum
502 2680 537 2732 ut
564 2672 639 2734 fiant
663 2674 733 2734 dees
754 2695 863 2754 quaeso
885 2685 919 2736 ut
940 2676 1027 2738 uobis

389 2784 483 2846 decet.

229 2896 282 2956 Sin
296 2897 385 2956 eliter
399 2897 518 2958 animus
532 2901 634 2960 uester
647 2908 780 2980 est-ego,
795 2901 921 2975 Demea,

228 3009 353 3069 Summa
374 3010 406 3069 ui
427 3011 587 3072 defendam
616 3014 695 3074 hanc
723 3024 814 3095 atque
836 3015 924 3075 illum
949 3018 1027 3076 mer·

388 3132 481 3185 tuom.

228 3233 380 3313 Cognetus
396 3237 470 3296 mihi
485 3246 566 3299 erat:
588 3241 650 3300 una
663 3260 683 3300 a
696 3240 797 3319 pueris
812 3242 948 3320 peruolis

229 3348 339 3410 Sumus
352 3351 470 3413 educti:
492 3373 554 3413 una
568 3358 685 3433 semper
699 3355 826 3416 militiae
839 3361 869 3417 et
883 3357 965 3418 domi
1046 3357 1106 3418 495

210 3501 216 3512 .
225 3457 378 3561 Euirurisr,
394 3471 604 3550 padpertatem
618 3468 679 3526 una
692 3466 871 3545 pertulimus
891 3488 1025 3548 grauem.
