2576 3760
141 282 471 368 sulm-Vde]
525 299 716 348 Amnem.
764 315 766 322 ·
1060 283 1102 346 43

222 459 333 520 Dicam
355 457 471 537 dliquid
496 478 544 518 me
569 457 776 532 inuentiirum
791 464 826 518 ut
846 456 918 518 huic
940 456 1021 517 malo

381 571 518 650 dliquam
533 570 711 650 productem
726 592 851 632 moram.
1043 572 1100 631 615

140 687 195 747 Pa.
220 686 280 749 Oh.
316 685 375 746 Da.
391 684 485 745 Visus
506 705 582 745 sum.
623 685 679 745 Pa.
695 684 764 746 Eho
778 684 852 745 dum
871 684 949 744 bdne
963 685 1020 757 uir,

380 795 454 875 quid
469 794 536 854 ais?
577 795 669 855 uiden
684 815 733 854 me
748 794 880 855 consiliis
894 794 954 854 tuis

220 907 366 969 Miserum
381 906 553 986 inpeditum
567 907 651 967 esse?
691 906 752 967 Da.
778 883 823 967 dt
847 906 907 966 iam
933 925 1022 984 expe-

379 1019 472 1080 diam.
524 1018 579 1077 Pa.
608 1017 784 1096 Expedies?
835 1016 895 1077 Da.
924 1016 1021 1089 Certe,

381 1131 551 1210 Pdmphile.

136 1247 194 1309 Pa.
219 1233 338 1327 Nempe
348 1248 383 1307 dt
393 1245 491 1307 modo.
530 1244 590 1306 Da.
601 1243 701 1304 Immo
710 1243 818 1304 melius
828 1263 923 1323 spero.
965 1243 1020 1304 Pa.

379 1356 439 1432 Oh,
454 1357 510 1418 tibi
525 1377 580 1437 ego
595 1366 630 1418 ut
644 1356 777 1429 credam,
793 1355 942 1416 ffireifer?

219 1470 266 1530 Tu
278 1491 341 1531 rem
354 1470 523 1549 inpeditam
538 1479 568 1532 et
581 1469 731 1550 perditam
746 1468 909 1529 restituas?
949 1466 1019 1528 hem

382 1605 441 1663 quo
456 1584 550 1644 fretus
563 1584 629 1656 sim,

219 1695 283 1774 Qui
305 1716 353 1757 me
373 1695 463 1756 hddie
483 1716 522 1756 ex
543 1695 804 1775 tranquillissuma
821 1714 854 1755 re
867 1693 1020 1755 cdnieeisti

379 1806 411 1866 in
425 1808 557 1886 ndptias.
1041 1807 1100 1867 620

190 1910 194 1917 ’
218 1917 272 1979 An
295 1939 356 1980 non
380 1919 447 1980 dixi
471 1941 532 1981 esse
555 1920 612 1982 hdo
636 1920 797 1983 futurum?
838 1919 897 1980 Da.
919 1918 1018 1981 Dixti.

379 2029 434 2090 Pa.
450 2029 535 2108 Quid
550 2032 706 2092 meritiis?
746 2031 806 2092 Da.
821 2030 958 2092 Crucem.

218 2141 279 2204 de
296 2142 360 2202 sine
375 2142 536 2222 paululum
551 2143 590 2204 dd
604 2165 653 2204 me
667 2144 804 2205 redeam:
826 2146 887 2206 iam
902 2146 1018 2226 dliquid

280 2285 284 2294 ·
379 2253 545 2332 dispiciam.
587 2256 641 2316 Pa.
657 2257 699 2316 Ei
712 2258 796 2330 mihi,

219 2369 322 2448 Qudm
336 2390 396 2430 non
411 2368 508 2430 habeo
522 2370 662 2448 spatium,
675 2380 709 2432 ut
724 2373 761 2433 de
775 2381 806 2433 te
819 2375 934 2435 edmam
949 2395 1017 2456 sup

378 2482 513 2563 plieium,
527 2485 562 2544 m
576 2484 662 2546 uolo:

217 2596 359 2677 Nquue
372 2597 429 2658 hoc
443 2605 562 2675 tempus
576 2599 756 2675 praecauere
771 2598 847 2659 mihi
862 2619 918 2674 me,
933 2600 1016 2662 haud

379 2715 409 2769 te
423 2708 528 2770 ulcisci
540 2709 621 2769 sinit.
644 2711 685 2789 Π

464 3089 783 3309 midde
