2586 3764
141 259 203 322 106
488 277 526 329 Ρ.
550 281 743 329 Tannum
921 267 1003 354 [Aet
1025 270 1092 340 IV.

219 433 285 510 Qui
305 433 427 496 referire
447 439 508 498 nun
529 439 687 514 audebam,
709 441 802 503 uicit:
824 442 887 516 hui,
902 444 1014 522 perstr-

377 549 456 610 titer.

136 658 192 719 De.
218 660 289 720 N‹‘›n
308 661 409 740 potuit
431 662 543 723 melius.
586 664 666 725 idem
688 667 768 745 quod
793 688 847 747 ego
872 670 964 730 sensit
984 679 1014 731 te

377 797 438 836 esse
452 777 523 838 huie
537 780 582 838 rei
595 790 695 859 eaput.

215 887 275 949 sed
289 898 371 949 estne
384 888 478 948 frater
492 889 597 950 intus?
636 891 683 970 Sy.
699 892 729 951 N
731 914 769 954 011
784 903 836 954 eet.
879 895 934 956 De.
950 875 1013 958 Vbi

374 1001 463 1061 illum
477 1002 630 1062 inueniam
646 1005 752 1084 cogito.

133 1113 181 1194 Sy.
211 1115 280 1178 Seio
294 1115 408 1188 ubisit,
423 1135 529 1175 uerum
544 1115 633 1176 htdie
647 1137 814 1197 numquam
829 1121 1011 1183 menstraba
1170 1171 1175 1184 .

372 1228 428 1289 De.
444 1229 536 1302 Hem,
551 1229 625 1309 quid
643 1229 710 1290 ais?
750 1231 797 1310 Sy.
813 1232 871 1292 Ita.
946 1311 950 1317 Δ
1032 1235 1092 1298 570

132 1342 189 1402 De.
215 1342 444 1402 Dimminuetur
458 1341 514 1401 tibi
531 1343 653 1422 quidem
675 1343 737 1403 iam
758 1344 922 1406 cerebrum.
963 1346 1010 1426 Sy.

372 1455 417 1515 At
431 1475 540 1515 nomen
554 1456 653 1516 neseio

212 1547 624 1640 miushomina‚sea100um
637 1569 709 1628 noui
723 1568 776 1629 eu
790 1569 838 1630 sit.
878 1569 934 1631 De.
950 1571 1010 1632 nic

370 1682 441 1759 ergt‘)
455 1679 565 1740 loeum.

130 1797 177 1877 Sy.
208 1796 318 1858 Nestin
332 1797 482 1876 porticum
496 1797 578 1877 apud
594 1796 756 1857 macellum
777 1797 835 1858 hae
849 1798 1009 1860 doersum?

368 1911 424 1971 De.
441 1910 524 1987 Quid
539 1910 571 1969 ni
585 1911 743 1971 uiuerint?

129 2023 176 2104 Sy.
208 2023 374 2083 Praeterito
402 2023 460 2082 hae
488 2025 570 2083 reeta
597 2022 699 2101 platea
727 2025 863 2085 sursum:
892 2024 945 2084 ubi
973 2043 1007 2084 eo

368 2137 494 2207 ueneris,

209 2249 313 2312 Cliuos
324 2250 463 2310 deorsum
474 2251 596 2310 uersum
607 2258 668 2310 est:
683 2249 740 2311 hac
753 2260 782 2312 te
793 2250 1005 2331 praecipitato:

367 2363 470 2440 pbstea
1026 2362 1086 2424 575

208 2461 265 2537 Fet
278 2475 316 2536 ad
332 2476 411 2534 hane
426 2476 548 2534 manum
563 2474 726 2536 sacellum:
749 2475 792 2536 ibi
811 2475 1005 2556 angiportum

365 2588 489 2666 prepter
503 2594 556 2658 est,

127 2701 182 2762 De.
208 2700 279 2777 Qut
291 2701 384 2761 nam?
424 2698 471 2777 Sy
487 2697 539 2757 Illi
555 2699 606 2759 ubi
622 2699 713 2759 etiam
726 2699 883 2779 caprificus
895 2700 1005 2778 magna

363 2819 416 2872 est.
458 2810 513 2871 De.
528 2809 619 2872 Noui.
660 2811 707 2891 Sy.
723 2811 794 2871 Hae
809 2811 935 2890 pergito.

125 2926 181 2987 De.
207 2905 245 2985 id
258 2923 380 3005 quidem
401 2923 596 3002 angipertum
617 2944 679 2984 non
700 2932 744 2984 est
763 2923 913 3003 peruium.
954 2922 1002 3003 Sy.

364 3033 482 3096 Verum
496 3035 613 3096 hercle:
634 3035 706 3108 nah,

205 3150 317 3212 Censen
333 3148 486 3208 homiuem
501 3168 549 3208 me
562 3148 645 3208 esse?
664 3147 781 3208 erraui:
804 3147 836 3206 in
851 3147 1002 3226 p6rticum

363 3261 481 3319 rursum
497 3259 576 3319 redi:

203 3372 281 3433 Sane
293 3373 351 3434 hae
365 3370 463 3432 multo
474 3371 597 3451 prepius
608 3370 665 3431 ibis
676 3373 707 3432 et
718 3372 815 3431 minor
826 3378 871 3431 est
882 3369 1000 3431 erratio.
1021 3371 1082 3433 580

203 3479 275 3541 Scin
289 3479 406 3542 Cratini
421 3480 511 3540 huius
526 3479 598 3541 ditis
618 3480 722 3542 aedis?
761 3479 818 3540 De.
833 3478 911 3540 Seio.
952 3478 1000 3559 Sy.

362 3588 425 3651 Vbi
439 3610 489 3650 eas
503 3590 701 3670 praeterieris,
