2576 3760
150 245 192 308 36
501 263 538 310 Ρ.
563 263 755 309 sensnm
930 246 1011 332 [Act
1033 247 1108 315 111.

148 420 191 481 Si.
229 418 330 479 Mihin
352 420 533 499 quisquam?
574 420 633 481 Da.
655 420 725 481 Eho
739 441 779 482 an
793 429 859 483 tute
873 421 1027 484 intellexti

389 533 446 593 hoo
461 532 659 595 idsimulari?
699 533 741 595 Si.
763 533 912 596 Inrideor.
1049 537 1108 599 500

149 646 499 707 Do.Reni1ntiatumst:
533 648 604 708 nim
632 647 685 728 qui
711 646 770 708 tibi
797 647 890 707 istaec
918 647 1029 709 incidit
1121 659 1127 670 '

390 759 537 838 suspitio?

149 871 191 933 Si.
231 870 315 949 Qui?
349 873 422 952 quia
449 881 479 932 te
506 891 621 933 noram.
673 871 733 932 Do.
756 871 851 949 Quisi
877 880 910 932 tu
936 871 1027 954 dicas,

390 984 503 1044 fiotum
518 984 550 1044 id
560 982 689 1054 oonsilio
704 1004 779 1045 meo.

150 1097 191 1158 Si.
230 1097 320 1158 Certe
340 1096 421 1157 enim
443 1097 511 1157 seio.
554 1097 613 1156 Do.
635 1095 705 1156 Non
730 1097 801 1157 sitis
826 1117 874 1158 me
895 1097 1028 1177 pernosti

250 1265 253 1270 ,
390 1211 491 1285 etiam,
506 1211 604 1290 qualis
618 1212 684 1284 sim,
700 1210 790 1272 Simo.

150 1323 193 1386 Si.
231 1324 320 1403 Egon
340 1325 391 1385 te?
429 1324 487 1384 Do.
510 1323 569 1384 Sed
589 1322 690 1403 siquid
706 1323 763 1383 tibi
778 1343 902 1383 narrare
916 1323 1027 1402 oooipi,

390 1437 533 1496 continuo
548 1435 614 1495 dari
697 1455 699 1460 ·

231 1547 300 1608 Tibi
315 1548 408 1608 uerba
423 1569 522 1609 censes
537 1548 629 1608 filso:
652 1548 755 1628 itaque
775 1548 877 1611 hercle
897 1547 944 1608 nil
964 1548 1025 1608 iem
1116 1537 1119 1542 ¹

391 1660 515 1720 muttire
529 1660 632 1720 atdeo.
1048 1661 1108 1721 505

149 1774 192 1836 Si.
230 1773 299 1835 Hoc
327 1777 382 1854 ego
409 1774 470 1834 soio
493 1794 598 1846 unum,
620 1775 770 1835 neminem
794 1775 945 1854 peperisse
968 1774 1026 1836 hio.

390 1886 450 1948 Da.
471 1886 637 1948 Intellexti.

230 2001 289 2062 Sed
303 2000 367 2060 nsso
381 1999 471 2061 setisis
485 2021 557 2060 mox
571 2020 699 2079 puerum
720 2000 781 2060 huo
802 1999 937 2061 deferent
956 2009 1028 2062 ante

390 2106 508 2173 ostium.

229 2227 268 2290 Id
281 2229 336 2309 ego
350 2226 412 2288 iam
427 2247 508 2291 nuno
523 2227 589 2301 tibi,
603 2230 662 2302 ere,
677 2229 815 2289 renuntio
830 2228 977 2302 futurum,
992 2236 1027 2288 ut

389 2344 429 2403 sis
443 2342 547 2416 sciens,

228 2455 261 2516 N
262 2477 278 2516 e
290 2465 326 2517 tu
339 2456 397 2517 hoc
410 2456 557 2535 posterius
571 2455 654 2517 dicas
669 2455 752 2516 Daui
766 2456 879 2516 fiotum
902 2456 1026 2519 oonsilio

390 2571 444 2630 soit
457 2568 550 2629 dolis:

228 2680 355 2740 Prorsus
375 2699 394 2740 a
415 2699 462 2739 me
483 2678 655 2758 opinionem
680 2679 759 2740 hano
783 2687 867 2739 tuam
889 2683 950 2740 esse
971 2701 1026 2759 ego

388 2798 520 2857 amotim
534 2795 613 2857 uolo.
1048 2797 1107 2857 510

149 2911 190 2972 ss.
230 2891 321 2974 Vnde
345 2909 377 2968 io
400 2909 477 2968 scis?
519 2908 578 2970 na.
600 2906 718 2969 Audiui
744 2918 774 2969 et
802 2909 907 2969 eredo:
930 2908 1027 2969 mota

390 3024 573 3082 oonournint
586 3023 686 3095 simul,

230 3135 295 3213 Qui
303 3135 506 3196 coniecturam
516 3133 594 3194 hino
602 3153 684 3193 nunc
696 3133 782 3194 facio.
824 3134 883 3194 itm
893 3133 1027 3213 primum

390 3246 465 3308 haec
478 3217 509 3305 se
523 3265 539 3306 e
553 3245 715 3325 Ptmphilo

8 3429 9 3436 χ
124 3397 127 3406 «
230 3362 398 3425 Griuidam
440 3361 520 3422 dixit
561 3365 639 3422 esse:
681 3361 868 3422 inuentumst
906 3360 1025 3422 filsum.

388 3494 479 3548 nune,
499 3475 657 3554 postquim
679 3473 764 3534 uidet
