2576 3760
160 290 208 355 Sc.
235 290 264 356 Ι.
289 291 446 377 90-135.]
542 308 730 355 suumn.
1075 291 1116 353 13
1176 386 1182 400 '

240 465 328 542 Quae
341 468 403 526 sese
417 466 449 524 in
463 466 563 545 ignem
577 465 689 526 inicere
703 464 810 539 uoluit,
823 463 982 545 prohibui:
1058 464 1116 524 140

237 576 383 638 Semoni!
424 576 563 637 Honesta
576 575 707 638 orsitiosb
747 577 793 637 So.
815 576 909 636 Recte
922 585 1027 656 putas:

239 690 321 752 Nam
334 690 359 752 si
373 691 463 752 illum
477 691 625 770 obiurges,
636 691 719 751 uitae
729 691 782 769 qui
796 689 946 750 auxilium
957 688 1038 763 tulit,

240 803 324 880 Quid
344 803 437 865 ficies
457 803 513 877 illi,
529 804 583 883 qui
597 802 714 864 dederit
734 803 881 862 damnum
901 803 955 863 eut
974 823 1036 863 ma·

89 955 93 962 -
397 917 483 977 lum?

160 1023 201 1085 &2
239 1024 336 1087 Venit
349 1025 492 1087 Chremes
505 1024 704 1107 postridiead
718 1047 766 1086 me
779 1026 955 1087 elimitans:
1053 1025 1058 1034 ’

239 1136 406 1218 Indignum
420 1139 553 1200 facinus:
574 1138 762 1218 comperisse,
776 1138 973 1219 Pdmphilum
1058 1138 1116 1197 145

238 1248 299 1310 Pro
312 1251 408 1310 uxore
421 1249 625 1338 habereohanc
638 1251 837 1331 peregrinam.
880 1250 946 1330 Ego
957 1249 1036 1310 illud

397 1362 501 1423 sedulo

238 1472 358 1554 Negdre
371 1472 494 1535 factum.
536 1474 596 1534 Ille
608 1475 703 1536 instat
717 1475 840 1535 factum.
881 1473 1021 1554 Denique

225 1584 288 1645 ita
301 1587 367 1646 tum
381 1585 500 1647 discedo
513 1586 553 1646 ab
567 1587 631 1661 sslo,
644 1594 680 1648 ut
694 1585 791 1667 quise
804 1585 903 1646 filiam

238 1695 337 1774 Neget
355 1695 507 1756 daturum.
548 1696 594 1756 So.
615 1696 688 1757 Nou
701 1703 736 1756 tu
749 1695 793 1756 ibi
806 1696 954 1775 gnatum?
992 1694 1035 1757 &2

396 1809 446 1869 Ne
459 1810 533 1870 haec
547 1809 669 1890 quidem

237 1919 316 1981 satis
330 1923 452 1982 uemens
465 1941 556 1982 causa
569 1921 610 1982 ad
623 1921 855 2002 obiurgandum.
894 1921 943 1985 So.
963 1923 1029 2000 Qui

398 2034 491 2095 cedo?
1057 2036 1115 2096 150

158 2144 200 2206 Si.
240 2144 336 2206 ‘Tute
349 2146 413 2224 ipse
427 2146 474 2206 his
488 2146 576 2207 rebus
590 2145 685 2207 finem
700 2147 902 2228 praescripsti,
916 2157 1018 2228 pater:

238 2256 337 2336 Prope
347 2257 439 2331 adest,
450 2278 541 2337 quom
552 2257 651 2318 alieno
662 2261 744 2320 more
754 2259 947 2320 uiuenddmst
960 2259 1035 2318 mihi

238 2368 311 2430 Sine
323 2371 405 2430 nunc
418 2390 484 2431 meo
498 2391 547 2431 me
559 2372 664 2432 uiuere
677 2372 792 2433 intereo
805 2371 912 2433 modo'

158 2484 204 2544 So.
239 2483 303 2561 Qui
316 2483 410 2564 igitur
423 2483 545 2544 relictus
559 2488 603 2545 est
617 2484 800 2564 obiurgandi
813 2485 916 2546 locus?

158 2596 200 2658 Si.
238 2595 271 2658 si
286 2599 411 2677 propter
423 2616 557 2657 amorem
571 2599 697 2657 uxorem
710 2598 794 2659 nolet
807 2598 923 2672 ddcere,
1058 2599 1115 2658 155

239 2709 287 2771 Ea
300 2712 435 2791 primum
449 2710 557 2771 abillo
571 2711 841 2773 animdduortenda
855 2711 1001 2772 iniuriast.

239 2823 281 2884 Et
294 2824 375 2885 nunc
388 2823 421 2883 id
435 2844 558 2903 operam
572 2823 620 2896 do,
635 2823 670 2883 ut
682 2843 737 2902 per
751 2823 842 2883 falsas
855 2823 977 2902 nuptias
1001 2803 1002 2806 Ἴ

238 2935 322 2998 Vera
336 2935 517 3016 obiurgandi
531 2938 621 2997 caiisa
633 2935 681 3007 sit,
692 2935 716 2994 si
731 2935 873 3016 deneget:

239 3047 336 3112 Simul
350 3049 512 3110 sceleratus
527 3048 630 3108 Dduos
644 3047 744 3126 siquid
758 3048 865 3109 consili

239 3161 353 3235 Habet,
363 3162 398 3222 nt
412 3170 568 3222 consumat
576 3163 666 3234 nunc,
678 3181 769 3240 quom
783 3161 827 3220 ui]
842 3160 943 3222 obsint
956 3160 1035 3222 doli:
1059 3162 1117 3222 160

238 3274 339 3353 Quem
364 3295 419 3355 ego
444 3275 531 3336 credo
556 3273 696 3335 manibus
719 3274 906 3355 pedibusque
925 3272 1037 3335 obnixe

396 3377 499 3450 omiiia

239 3499 424 3563 Facturum:
438 3501 535 3582 magis
549 3500 581 3560 id
595 3501 678 3571 ideo,
689 3498 765 3557 mihi
778 3507 813 3557 ut
827 3492 1035 3561 incommodet,

610 3611 634 3662 B
751 3611 755 3620 .
