2586 3764
156 202 221 266 110
363 279 366 285 Ι
505 218 543 264 Ρ.
567 217 760 263 rnnnrm
942 200 1024 287 [Act
1039 203 1108 272 IV.

233 350 373 452 &isquam
400 371 523 433 ecferri:
544 394 580 434 ac
608 375 712 434 mitto:
734 371 799 434 fieri
823 372 902 452 potis
926 382 971 434 est
995 383 1031 435 ut

393 505 492 565 nequa
505 488 602 546 exeat.

233 583 338 678 ipsum
353 597 385 658 id
399 607 500 658 metuo
511 607 545 659 ut
556 599 696 659 credant:
712 606 757 658 tot
768 600 951 659 concdrrunt
965 599 1030 660 neri

395 710 523 770 similia:
1068 687 1071 693 Ι

233 805 364 902 Egomet
372 822 484 903 rapui:
499 822 562 901 ipse
576 825 693 901 egomet
706 822 783 884 solui
798 825 975 902 argentum:
991 823 1031 884 ad

393 956 441 995 me
455 935 613 995 abductast
627 911 759 994 domum.

232 1049 319 1110 Haec
330 1048 405 1108 adeo
416 1068 483 1108 mea
493 1048 584 1129 otilpa
595 1048 691 1108 fateor
700 1047 778 1109 fieri.
820 1068 881 1109 non
894 1068 941 1108 me
951 1048 1031 1110 hanc

393 1164 456 1221 rem
471 1161 560 1241 patri,

233 1258 279 1339 Vt
294 1284 407 1337 uteret
424 1285 517 1355 gesta,
531 1276 696 1337 indicasset
718 1279 887 1338 exdrassem
909 1285 944 1338 ut
964 1297 1029 1338 eam

393 1389 541 1450 deicerem.
1052 1389 1111 1452 630

232 1503 387 1565 Cessatum
416 1525 510 1584 usqne
537 1504 637 1564 adhric
662 1513 722 1566 est:
743 1525 826 1565 nunc
850 1525 949 1584 porro,
970 1505 1030 1566 Ae-

392 1618 502 1687 schine,
524 1620 749 1699 expergiscere:

232 1729 323 1791 Neine
343 1729 401 1789 hoc
422 1729 598 1808 primumst:
620 1731 659 1791 td
680 1731 749 1791 illas
770 1730 829 1804 ibe,
847 1739 883 1792 ut
903 1732 1030 1811 pnrgem
1147 1789 1149 1794 .

393 1862 449 1902 me.
491 1842 632 1902 accedam
646 1843 683 1903 cd
699 1843 780 1904 foris.
918 1833 920 1838 ¹

232 1955 330 2017 Perii:
352 1955 491 2054 horresco
509 1959 634 2042 semper,
647 1956 702 2040 ¹ubi
718 1956 837 2036 pultare
851 1957 940 2018 hasce
954 1959 1029 2018 occi-

334 2040 442 2150 “pic
457 2042 553 2128 miser.
839 2054 843 2058 ’
899 2053 912 2058 ”

232 2182 318 2244 Heds
328 2182 419 2241 heus:
433 2179 602 2241 Aeschinris
613 2201 668 2260 ego
677 2202 752 2243 sum.
794 2182 909 2261 aperite
919 2182 1030 2262 aliquis

391 2303 527 2356 actutum
542 2294 660 2356 ostium.
760 2363 763 2368 ¹

231 2407 338 2469 Prodit
351 2407 549 2498 nescioquis:
572 2407 734 2467 concedam
748 2408 816 2468 huc.
1050 2409 1109 2470 635

455 2622 567 2685 M1c1o.
608 2623 806 2687 Anscnrnvs.

492 2751 547 2812 Mi.
571 2732 621 2813 ita
635 2753 680 2812 uti
695 2753 770 2825 dixi,
785 2754 928 2828 Sostrata,

230 2861 352 2924 Facite:
367 2881 422 2941 ego
430 2859 616 2922 Aeschimim
625 2864 812 2936 comeciam,
821 2865 1027 2944 utquomodo

390 2983 460 3035 acta
473 2975 547 3036 haee
561 2977 631 3036 erint
644 2977 728 3038 sciat.

230 3087 290 3149 sed
299 3087 365 3167 quis
374 3087 483 3148 ostium
494 3087 551 3148 hoc
561 3089 716 3167 pultauit?
757 3089 810 3149 Ac.
824 3090 915 3150 Pater
926 3090 1028 3152 hercle

390 3206 443 3270 est,
457 3199 542 3276 perii.
584 3197 638 3258 Mt.
654 3199 813 3272 Aeschine,

151 3309 204 3371 Ae.
232 3309 317 3388 Quid
327 3309 398 3370 huic
409 3309 459 3369 hie
470 3310 619 3388 negotist?
659 3311 714 3371 Mi.
729 3313 801 3371 trine
815 3311 869 3372 has
883 3311 1028 3393 pepulisti

390 3423 484 3485 foris?
