2576 3760
174 259 217 322 84
526 278 564 324 P.
587 277 781 323 TERENTI
980 262 1130 349 [AotII.

170 429 219 511 sy.
250 430 428 512 Numqudm
463 452 526 492 rem
562 432 669 493 facies:
706 433 765 506 obi,
794 432 927 494 inescare
955 435 1050 495 neseis

412 543 556 618 homines,
577 544 699 606 Sdnnio.
1072 547 1131 610 220

169 627 219 719 Sa.
250 655 348 717 Credo
363 657 441 717 istuc
455 657 562 717 melius
576 659 655 718 esse:
677 677 784 717 uerum
806 678 861 738 ego
882 658 1049 738 nrimquam

410 769 485 830 adeo
500 772 616 831 astutds
630 770 685 844 fui,

251 883 335 960 Quin
350 883 499 963 quidquid
511 903 627 962 possem
642 883 764 943 mtllem
776 884 896 944 auferre
906 885 1006 964 potius
1017 885 1050 945 in

411 996 589 1074 praesentia.

170 1107 217 1188 Sy.
249 1108 316 1188 Age
327 1109 399 1169 noui
411 1119 495 1169 tuom
507 1109 660 1170 animdm:
675 1111 760 1189 quasi
773 1111 834 1170 iam
850 1132 977 1191 usquam
992 1113 1050 1173 tibi

409 1225 469 1284 sint
483 1224 596 1304 uiginti
610 1225 719 1298 minae,

251 1338 334 1398 Dum
346 1338 417 1398 huie
427 1337 600 1418 obsequere.
643 1341 798 1417 praeterea
808 1349 910 1400 autem
922 1349 952 1401 te
963 1341 1050 1402 diunt

411 1451 560 1530 proficisci
574 1451 719 1531 Cyprum,
733 1451 782 1513 Sa.
798 1435 888 1512 Hem.

169 1563 216 1643 dp.
248 1564 389 1624 coemisse
402 1563 474 1623 hino
488 1583 566 1643 quae
579 1563 654 1624 illue
671 1564 795 1624 ueheres
816 1564 924 1638 multa,
939 1567 1048 1625 nouem

411 1674 609 1734 conductam:
631 1673 688 1735 hoo
702 1674 772 1747 scio,
1072 1677 1130 1736 225

249 1787 380 1848 Animds
401 1787 457 1846 tibi
478 1787 597 1866 pendet.
639 1787 692 1848 obi
712 1787 798 1850 illino
819 1808 906 1866 spero
926 1788 1049 1850 redieris

410 1908 513 1960 tamen
528 1899 585 1960 hoo
599 1920 678 1979 ages.

169 2013 217 2074 sa.
249 2011 407 2092 Nusqudm
418 2012 534 2092 pedem.
575 2013 652 2092 perii
663 2012 782 2074 hercle:
797 2012 855 2073 hae
866 2012 914 2072 illi
927 2033 981 2093 spe
991 2012 1049 2075 hoe

409 2125 593 2202 inceperrint.
633 2123 682 2204 Sy.
698 2124 815 2186 Timet:

250 2237 347 2297 Inieci
360 2236 536 2315 scrupulum
551 2236 675 2297 homini.
717 2237 766 2298 So.
781 2237 809 2298 Ο
824 2236 955 2298 seelera:
970 2237 1049 2298 illod

408 2349 487 2422 uide,

249 2463 295 2525 Vt
309 2463 340 2523 in
353 2464 419 2542 ipso
433 2463 562 2523 articulo
576 2464 731 2542 oppressit.
773 2473 893 2544 emptae
906 2465 1048 2526 mfilieres

250 2574 425 2654 Compldres
436 2583 466 2635 et
476 2575 548 2635 item
560 2574 631 2635 hino
643 2575 703 2636 olio
714 2596 792 2655 quae
802 2579 890 2655 porto
900 2577 1045 2656 Cyprum.
1068 2579 1129 2638 230

248 2687 316 2747 Nisi
340 2707 375 2747 eo
399 2687 437 2746 td
462 2695 631 2746 mercatum
653 2687 751 2760 uenio,
773 2689 919 2748 domnum
941 2691 1047 2750 moxu-

409 2808 529 2860 mumst.

248 2913 339 2974 Nune
363 2911 388 2973 si
412 2912 469 2972 hoc
494 2912 600 2972 omitto
625 2932 661 2972 ao
686 2912 752 2972 tdm
773 2933 863 2992 agam
885 2913 938 2974 ubi
958 2913 1070 2975 illino-

408 3026 533 3098 rediero,

247 3139 302 3198 Nil
317 3141 376 3209 est;
398 3135 551 3196 refrixerit
565 3155 627 3196 res:
649 3140 749 3198 ‘nuno
763 3137 885 3198 demdm
900 3139 1009 3198 uenis?

248 3250 335 3325 Quor
348 3248 487 3327 possu's?
507 3247 562 3307 ubi
576 3249 678 3310 eros?
700 3252 735 3310 ot
747 3249 787 3310 sit
800 3250 894 3311 satius
908 3251 1032 3330 perdere

248 3361 350 3438 Quom
364 3369 418 3420 aut
432 3363 513 3420 mine
527 3381 649 3421 manere
662 3363 726 3422 tom
739 3360 792 3420 diu
807 3371 861 3421 aut
871 3371 938 3422 tum
949 3367 1045 3443 perse·

407 3472 469 3551 qui.
998 3487 1003 3494 '
1068 3479 1127 3540 235
