2576 3760
199 237 508 325 selvae-Vc]
556 253 811 307 annnruon.
1099 244 1156 306 101

281 411 580 492 Quaprdpteruitar,
595 413 714 487 faciam,
729 414 877 492 experiar,
891 414 1022 495 denique

278 522 423 584 Animam
439 525 609 605 relinquam
624 525 725 604 potius
745 546 836 604 quam
852 525 921 585 illas
935 526 1080 586 deseram.

281 636 365 713 Quid
394 638 472 697 mihi
498 639 681 719 respondes?
722 639 777 700 Dc.
807 639 945 699 Fritrem
975 661 1080 700 conue-

354 802 357 807 .
438 750 531 824 niam,
547 751 658 830 Hegio.

198 860 257 941 He.
279 861 348 936 Sed,
363 862 488 936 Demea,
503 863 560 924 hoc
575 873 608 924 tu
623 864 713 925 facito
728 885 798 925 cum
813 866 914 925 animo
929 866 1049 944 cigneo,
1100 866 1159 926 500

280 975 382 1051 Quam
397 977 449 1036 uos
464 975 619 1036 facillume
633 978 732 1056 agitis,
747 998 839 1056 quam
854 978 923 1038 estis
939 980 1080 1037 maxume

279 1089 421 1150 Potentes
436 1090 512 1150 dites
527 1090 674 1151 fortunati
689 1091 815 1164 nobiles,

279 1200 355 1260 Tam
369 1203 512 1262 mixume
527 1223 580 1262 uos
594 1206 690 1283 nequo
705 1203 806 1263 animo
821 1223 918 1283 aequa
933 1205 1055 1264 noscere

279 1315 416 1394 Oportet,
430 1315 456 1375 ei
472 1335 525 1376 uos
539 1316 630 1376 uoltis
645 1315 799 1396 perhiberi
812 1316 930 1395 probos.

198 1427 254 1488 Dc.
281 1427 410 1488 Redito:
432 1426 506 1488 fient
519 1432 597 1508 quae
610 1428 676 1488 fieri
690 1436 845 1507 aequomst
859 1429 969 1490 omnia.
1099 1430 1158 1490 505
1238 1509 1242 1518 ι

197 1537 257 1598 Hc.
278 1537 375 1598 Decet
396 1547 427 1598 te
448 1537 554 1599 facere.
596 1537 684 1612 Geta,
699 1538 759 1599 duc
779 1559 828 1599 me
849 1538 929 1600 intro
951 1539 991 1599 ad
1011 1537 1078 1600 Scis·

439 1647 560 1714 tratam.
636 1641 639 1650 Δ

197 1765 254 1826 De.
279 1764 350 1826 Non
371 1786 420 1826 me
440 1766 592 1826 indicente
612 1765 687 1827 haec
709 1764 808 1827 liunt:
830 1765 947 1826 utinam
967 1766 1017 1827 hic
1037 1767 1077 1828 sit

438 1878 528 1938 modo

278 1989 483 2052 Defunctum:
504 2011 612 2050 uerum
626 1991 721 2051 nimia
735 1990 824 2052 illaec
839 1991 962 2052 licentia

278 2103 417 2165 Profecto
431 2103 535 2164 euadit
549 2104 582 2162 in
597 2103 721 2183 aliquod
735 2105 880 2182 magnum
895 2104 1023 2199 malum..

277 2215 333 2277 Ibo
367 2218 403 2276 ac
437 2215 589 2295 requiram
616 2214 750 2288 fritrem,
779 2223 813 2275 ut
840 2214 872 2273 in
899 2234 969 2275 eum
997 2215 1072 2276 haec

347 2363 349 2368 ·
384 2374 385 2378 ,
438 2330 586 2388 euomam.
1095 2329 1155 2392 510

617 2541 739 2602 anro.

276 2671 363 2734 Bono
386 2673 487 2734 animo
512 2671 561 2733 fac
583 2671 632 2744 sis,
656 2669 800 2742 Sostrata,
821 2677 852 2729 ct
875 2669 965 2730 istam
990 2671 1070 2750 quod

436 2794 521 2865 poteo

275 2897 339 2960 Fac
352 2897 510 2959 consolere.
552 2917 607 2975 ego
618 2895 790 2968 Micionem,
801 2894 826 2954 si
840 2893 921 2973 apud
933 2893 1069 2968 fornmet,

276 3011 462 3072 Conueniam
472 3020 564 3088 atque
575 3016 610 3068 ut
621 3029 667 3068 res
677 3011 788 3087 gestast
802 3005 931 3066 narrabo
946 3006 1068 3068 ordine:

235 3170 240 3177 ·
274 3125 307 3188 Si
321 3135 373 3199 est,
386 3129 413 3184 ic
425 3124 560 3184 facturus
573 3124 608 3183 dt
621 3123 661 3183 sit
674 3121 804 3183 officium
818 3140 913 3194 suom,

275 3236 398 3297 Faciet:
419 3235 466 3294 sin
479 3235 568 3294 aliter
582 3233 620 3294 dc
634 3233 690 3294 hae
705 3253 737 3293 re
750 3239 796 3291 est
809 3231 872 3291 cius
885 3231 1043 3306 sententia,
1089 3233 1148 3293 515

275 3349 466 3430 Respondeat
486 3348 538 3420 mi,
558 3356 593 3408 ut
613 3347 688 3427 quid
711 3364 801 3426 agam
822 3364 914 3424 quam
933 3344 1067 3424 primiun

433 3461 535 3523 sciam.

656 3571 698 3622 12
725 3616 728 3622 .
