<?xml version="1.0" encoding="UTF-8"?>
<!DOCTYPE html PUBLIC "-//W3C//DTD XHTML 1.0 Transitional//EN"
    "http://www.w3.org/TR/xhtml1/DTD/xhtml1-transitional.dtd">
<html xmlns="http://www.w3.org/1999/xhtml" xml:lang="en" lang="en">
 <head>
  <title>
</title>
<meta http-equiv="Content-Type" content="text/html;charset=utf-8" />
  <meta name='ocr-system' content='tesseract 3.04.00' />
  <meta name='ocr-capabilities' content='ocr_page ocr_carea ocr_par ocr_line ocrx_word'/>
</head>
<body>
  <div class='ocr_page' id='page_1' title='image "andriaandadelph01teregoog_0078.png"; bbox 0 0 2576 3760; ppageno 0'>
   <div class='ocr_carea' id='block_1_1' title="bbox 470 315 871 414">
    <p class='ocr_par' dir='ltr' id='par_1_1' title="bbox 470 315 871 414">
     <span class='ocr_line' id='line_1_1' title="bbox 470 315 871 414; baseline 0.02 -10"><span class='ocrx_word' id='word_1_1' title='bbox 470 315 871 414; x_wconf 85' lang='lat' dir='ltr'><strong>PROLOGVS.</strong></span> 
     </span>
    </p>
   </div>
   <div class='ocr_carea' id='block_1_2' title="bbox 130 496 1143 2052">
    <p class='ocr_par' dir='ltr' id='par_1_2' title="bbox 184 496 866 580">
     <span class='ocr_line' id='line_1_2' title="bbox 184 496 866 580; baseline 0.003 -22"><span class='ocrx_word' id='word_1_2' title='bbox 184 496 364 570; x_wconf 69' lang='lat' dir='ltr'>Posmniu</span> <span class='ocrx_word' id='word_1_3' title='bbox 378 504 468 579; x_wconf 70' lang='lat' dir='ltr'>polita</span> <span class='ocrx_word' id='word_1_4' title='bbox 481 500 572 560; x_wconf 79' lang='lat' dir='ltr'>sensit</span> <span class='ocrx_word' id='word_1_5' title='bbox 585 501 766 580; x_wconf 73' lang='lat' dir='ltr'>scripturdm</span> <span class='ocrx_word' id='word_1_6' title='bbox 780 521 866 561; x_wconf 82' lang='lat' dir='ltr'>suem</span> 
     </span>
    </p>

    <p class='ocr_par' dir='ltr' id='par_1_3' title="bbox 185 610 781 694">
     <span class='ocr_line' id='line_1_3' title="bbox 185 610 781 694; baseline 0.005 -23"><span class='ocrx_word' id='word_1_7' title='bbox 185 610 238 672; x_wconf 88' lang='lat' dir='ltr'>Ab</span> <span class='ocrx_word' id='word_1_8' title='bbox 253 613 364 694; x_wconf 92' lang='lat' dir='ltr'>iniquis</span> <span class='ocrx_word' id='word_1_9' title='bbox 378 613 531 674; x_wconf 74' lang='lat' dir='ltr'>obserudri</span> <span class='ocrx_word' id='word_1_10' title='bbox 545 623 576 674; x_wconf 90' lang='lat' dir='ltr'>et</span> <span class='ocrx_word' id='word_1_11' title='bbox 590 613 781 676; x_wconf 66' lang='lat' dir='ltr'>eduorsdrios</span> 
     </span>
    </p>

    <p class='ocr_par' dir='ltr' id='par_1_4' title="bbox 183 727 986 924">
     <span class='ocr_line' id='line_1_4' title="bbox 184 727 986 810; baseline 0.004 -21"><span class='ocrx_word' id='word_1_12' title='bbox 184 727 306 807; x_wconf 79' lang='lat' dir='ltr'>Rapere</span> <span class='ocrx_word' id='word_1_13' title='bbox 319 732 352 790; x_wconf 85' lang='lat' dir='ltr'>in</span> <span class='ocrx_word' id='word_1_14' title='bbox 366 731 498 810; x_wconf 87' lang='lat' dir='ltr'>peiorem</span> <span class='ocrx_word' id='word_1_15' title='bbox 513 733 629 810; x_wconf 75' lang='lat' dir='ltr'>pdrtem</span> <span class='ocrx_word' id='word_1_16' title='bbox 644 751 736 810; x_wconf 83' lang='lat' dir='ltr'>quem</span> <span class='ocrx_word' id='word_1_17' title='bbox 751 732 851 791; x_wconf 83' lang='lat' dir='ltr'>acturi</span> <span class='ocrx_word' id='word_1_18' title='bbox 864 751 986 792; x_wconf 88' lang='lat' dir='ltr'>sumus:</span> 
     </span>
     <span class='ocr_line' id='line_1_5' title="bbox 183 840 791 924; baseline 0.008 -24"><span class='ocrx_word' id='word_1_19' title='bbox 183 840 304 904; x_wconf 85' lang='lat' dir='ltr'>Indicio</span> <span class='ocrx_word' id='word_1_20' title='bbox 319 844 356 904; x_wconf 93' lang='lat' dir='ltr'>de</span> <span class='ocrx_word' id='word_1_21' title='bbox 369 865 429 905; x_wconf 83' lang='lat' dir='ltr'>sese</span> <span class='ocrx_word' id='word_1_22' title='bbox 443 847 507 924; x_wconf 91' lang='lat' dir='ltr'>ipse</span> <span class='ocrx_word' id='word_1_23' title='bbox 521 845 586 918; x_wconf 88' lang='lat' dir='ltr'>erit,</span> <span class='ocrx_word' id='word_1_24' title='bbox 603 865 656 904; x_wconf 91' lang='lat' dir='ltr'>nos</span> <span class='ocrx_word' id='word_1_25' title='bbox 670 845 791 914; x_wconf 79' lang='lat' dir='ltr'>iiidiees.</span> 
     </span>
    </p>

    <p class='ocr_par' dir='ltr' id='par_1_5' title="bbox 183 952 874 1147">
     <span class='ocr_line' id='line_1_6' title="bbox 183 952 874 1035; baseline 0.006 -22"><span class='ocrx_word' id='word_1_26' title='bbox 183 952 310 1014; x_wconf 86' lang='lat' dir='ltr'>Laudin</span> <span class='ocrx_word' id='word_1_27' title='bbox 324 975 364 1014; x_wconf 88' lang='lat' dir='ltr'>an</span> <span class='ocrx_word' id='word_1_28' title='bbox 380 956 453 1016; x_wconf 91' lang='lat' dir='ltr'>uitio</span> <span class='ocrx_word' id='word_1_29' title='bbox 469 955 537 1016; x_wconf 72' lang='lat' dir='ltr'>disci</span> <span class='ocrx_word' id='word_1_30' title='bbox 554 956 585 1015; x_wconf 94' lang='lat' dir='ltr'>id</span> <span class='ocrx_word' id='word_1_31' title='bbox 600 956 714 1016; x_wconf 85' lang='lat' dir='ltr'>fuctum</span> <span class='ocrx_word' id='word_1_32' title='bbox 730 959 874 1035; x_wconf 74' lang='lat' dir='ltr'>operteat.</span> 
     </span>
     <span class='ocr_line' id='line_1_7' title="bbox 183 1065 848 1147; baseline 0.003 -20"><span class='ocrx_word' id='word_1_33' title='bbox 183 1065 496 1146; x_wconf 52' lang='lat' dir='ltr'>Synapothnescontes</span> <span class='ocrx_word' id='word_1_34' title='bbox 511 1068 634 1147; x_wconf 78' lang='lat' dir='ltr'>Diphili</span> <span class='ocrx_word' id='word_1_35' title='bbox 648 1069 848 1129; x_wconf 76' lang='lat' dir='ltr'>comoediast:</span> 
     </span>
    </p>

    <p class='ocr_par' dir='ltr' id='par_1_6' title="bbox 183 1179 898 1244">
     <span class='ocr_line' id='line_1_8' title="bbox 183 1179 898 1244; baseline 0.006 -4"><span class='ocrx_word' id='word_1_36' title='bbox 183 1179 265 1240; x_wconf 81' lang='lat' dir='ltr'>Eum</span> <span class='ocrx_word' id='word_1_37' title='bbox 279 1180 508 1242; x_wconf 77' lang='lat' dir='ltr'>Odmmorientis</span> <span class='ocrx_word' id='word_1_38' title='bbox 523 1182 650 1242; x_wconf 75' lang='lat' dir='ltr'>Plautus</span> <span class='ocrx_word' id='word_1_39' title='bbox 665 1182 736 1242; x_wconf 88' lang='lat' dir='ltr'>feeit</span> <span class='ocrx_word' id='word_1_40' title='bbox 751 1181 898 1244; x_wconf 69' lang='lat' dir='ltr'>fibulam.</span> 
     </span>
    </p>

    <p class='ocr_par' dir='ltr' id='par_1_7' title="bbox 130 1271 1143 2052">
     <span class='ocr_line' id='line_1_9' title="bbox 184 1271 901 1375; baseline 0.006 -23"><span class='ocrx_word' id='word_1_41' title='bbox 184 1291 224 1352; x_wconf 93' lang='lat' dir='ltr'>In</span> <span class='ocrx_word' id='word_1_42' title='bbox 238 1292 356 1354; x_wconf 71' lang='lat' dir='ltr'>Graece</span> <span class='ocrx_word' id='word_1_43' title='bbox 370 1295 545 1354; x_wconf 80' lang='lat' dir='ltr'>adulescens</span> <span class='ocrx_word' id='word_1_44' title='bbox 559 1271 612 1368; x_wconf 73' lang='lat' dir='ltr'>esi,</span> <span class='ocrx_word' id='word_1_45' title='bbox 627 1295 680 1374; x_wconf 91' lang='lat' dir='ltr'>qui</span> <span class='ocrx_word' id='word_1_46' title='bbox 695 1295 796 1355; x_wconf 89' lang='lat' dir='ltr'>lenoni</span> <span class='ocrx_word' id='word_1_47' title='bbox 810 1296 901 1375; x_wconf 77' lang='lat' dir='ltr'>eripit</span> 
     </span>
     <span class='ocr_line' id='line_1_10' title="bbox 184 1405 1023 1487; baseline 0.002 -21"><span class='ocrx_word' id='word_1_48' title='bbox 184 1405 376 1467; x_wconf 82' lang='lat' dir='ltr'>Meretricem</span> <span class='ocrx_word' id='word_1_49' title='bbox 392 1407 423 1466; x_wconf 93' lang='lat' dir='ltr'>in</span> <span class='ocrx_word' id='word_1_50' title='bbox 440 1408 538 1487; x_wconf 89' lang='lat' dir='ltr'>prima</span> <span class='ocrx_word' id='word_1_51' title='bbox 552 1407 673 1468; x_wconf 73' lang='lat' dir='ltr'>fibula:</span> <span class='ocrx_word' id='word_1_52' title='bbox 696 1427 765 1467; x_wconf 90' lang='lat' dir='ltr'>eum</span> <span class='ocrx_word' id='word_1_53' title='bbox 780 1407 909 1468; x_wconf 83' lang='lat' dir='ltr'>Plautds</span> <span class='ocrx_word' id='word_1_54' title='bbox 923 1408 1023 1468; x_wconf 86' lang='lat' dir='ltr'>locum</span> 
     </span>
     <span class='ocr_line' id='line_1_11' title="bbox 130 1519 1143 1599; baseline 0.003 -21"><span class='ocrx_word' id='word_1_55' title='bbox 130 1523 133 1530; x_wconf 84' lang='lat'>&#39;</span> <span class='ocrx_word' id='word_1_56' title='bbox 184 1519 324 1598; x_wconf 80' lang='lat' dir='ltr'>Reliquit</span> <span class='ocrx_word' id='word_1_57' title='bbox 337 1519 497 1599; x_wconf 85' lang='lat' dir='ltr'>integrum.</span> <span class='ocrx_word' id='word_1_58' title='bbox 540 1541 608 1580; x_wconf 90' lang='lat' dir='ltr'>eum</span> <span class='ocrx_word' id='word_1_59' title='bbox 624 1521 673 1580; x_wconf 91' lang='lat' dir='ltr'>hie</span> <span class='ocrx_word' id='word_1_60' title='bbox 688 1520 786 1580; x_wconf 87' lang='lat' dir='ltr'>locum</span> <span class='ocrx_word' id='word_1_61' title='bbox 802 1522 932 1599; x_wconf 85' lang='lat' dir='ltr'>sumpsit</span> <span class='ocrx_word' id='word_1_62' title='bbox 945 1521 1002 1580; x_wconf 89' lang='lat' dir='ltr'>sibi</span> <span class='ocrx_word' id='word_1_63' title='bbox 1104 1520 1143 1582; x_wconf 91' lang='lat'>10</span> 
     </span>
     <span class='ocr_line' id='line_1_12' title="bbox 184 1630 1029 1712; baseline 0.004 -21"><span class='ocrx_word' id='word_1_64' title='bbox 184 1630 221 1691; x_wconf 93' lang='lat' dir='ltr'>In</span> <span class='ocrx_word' id='word_1_65' title='bbox 238 1630 404 1712; x_wconf 75' lang='lat' dir='ltr'>Adelphos,</span> <span class='ocrx_word' id='word_1_66' title='bbox 419 1633 546 1692; x_wconf 87' lang='lat' dir='ltr'>uerbum</span> <span class='ocrx_word' id='word_1_67' title='bbox 562 1633 599 1693; x_wconf 79' lang='lat' dir='ltr'>de</span> <span class='ocrx_word' id='word_1_68' title='bbox 615 1633 706 1692; x_wconf 89' lang='lat' dir='ltr'>uerbo</span> <span class='ocrx_word' id='word_1_69' title='bbox 721 1652 894 1711; x_wconf 90' lang='lat' dir='ltr'>expressum</span> <span class='ocrx_word' id='word_1_70' title='bbox 908 1632 1029 1694; x_wconf 74' lang='lat' dir='ltr'>extulit.</span> 
     </span>
     <span class='ocr_line' id='line_1_13' title="bbox 184 1743 893 1824; baseline 0 -20"><span class='ocrx_word' id='word_1_71' title='bbox 184 1743 264 1805; x_wconf 89' lang='lat' dir='ltr'>Eam</span> <span class='ocrx_word' id='word_1_72' title='bbox 279 1747 332 1806; x_wconf 79' lang='lat' dir='ltr'>nds</span> <span class='ocrx_word' id='word_1_73' title='bbox 346 1746 444 1805; x_wconf 80' lang='lat' dir='ltr'>acturi</span> <span class='ocrx_word' id='word_1_74' title='bbox 458 1748 561 1806; x_wconf 80' lang='lat' dir='ltr'>snmus</span> <span class='ocrx_word' id='word_1_75' title='bbox 576 1767 704 1806; x_wconf 84' lang='lat' dir='ltr'>nonam:</span> <span class='ocrx_word' id='word_1_76' title='bbox 726 1745 893 1824; x_wconf 72' lang='lat' dir='ltr'>pernescite</span> 
     </span>
     <span class='ocr_line' id='line_1_14' title="bbox 184 1859 855 1920; baseline -0.004 0"><span class='ocrx_word' id='word_1_77' title='bbox 184 1859 355 1920; x_wconf 79' lang='lat' dir='ltr'>Furtitmne</span> <span class='ocrx_word' id='word_1_78' title='bbox 369 1860 483 1920; x_wconf 83' lang='lat' dir='ltr'>factum</span> <span class='ocrx_word' id='word_1_79' title='bbox 498 1860 686 1920; x_wconf 88' lang='lat' dir='ltr'>existumetis</span> <span class='ocrx_word' id='word_1_80' title='bbox 701 1861 739 1918; x_wconf 73' lang='lat' dir='ltr'>ein</span> <span class='ocrx_word' id='word_1_81' title='bbox 755 1859 855 1918; x_wconf 87' lang='lat' dir='ltr'>locum</span> 
     </span>
     <span class='ocr_line' id='line_1_15' title="bbox 184 1971 902 2052; baseline -0.004 -19"><span class='ocrx_word' id='word_1_82' title='bbox 184 1973 384 2052; x_wconf 76' lang='lat' dir='ltr'>Reprensum,</span> <span class='ocrx_word' id='word_1_83' title='bbox 399 1973 452 2051; x_wconf 92' lang='lat' dir='ltr'>qui</span> <span class='ocrx_word' id='word_1_84' title='bbox 466 1972 648 2050; x_wconf 76' lang='lat' dir='ltr'>praeteritus</span> <span class='ocrx_word' id='word_1_85' title='bbox 664 1971 902 2050; x_wconf 55' lang='lat' dir='ltr'>neglegentiast„</span> 
     </span>
    </p>
   </div>
   <div class='ocr_carea' id='block_1_3' title="bbox 184 2055 1144 2165">
    <p class='ocr_par' dir='ltr' id='par_1_8' title="bbox 184 2055 1144 2165">
     <span class='ocr_line' id='line_1_16' title="bbox 184 2055 1144 2165; baseline -0.002 -19"><span class='ocrx_word' id='word_1_86' title='bbox 184 2085 266 2146; x_wconf 85' lang='lat' dir='ltr'>Nam</span> <span class='ocrx_word' id='word_1_87' title='bbox 281 2085 362 2165; x_wconf 73' lang='lat' dir='ltr'>qued</span> <span class='ocrx_word' id='word_1_88' title='bbox 377 2085 426 2144; x_wconf 90' lang='lat' dir='ltr'>isti</span> <span class='ocrx_word' id='word_1_89' title='bbox 441 2085 547 2144; x_wconf 86' lang='lat' dir='ltr'>dieunt</span> <span class='ocrx_word' id='word_1_90' title='bbox 561 2085 708 2158; x_wconf 78' lang='lat' dir='ltr'>mdliueli,</span> <span class='ocrx_word' id='word_1_91' title='bbox 722 2085 857 2144; x_wconf 89' lang='lat' dir='ltr'>homines</span> <span class='ocrx_word' id='word_1_92' title='bbox 872 2055 983 2144; x_wconf 77' lang='lat' dir='ltr'>ndbilis</span> <span class='ocrx_word' id='word_1_93' title='bbox 1106 2083 1144 2144; x_wconf 84' lang='lat'>15</span> 
     </span>
    </p>
   </div>
   <div class='ocr_carea' id='block_1_4' title="bbox 183 2196 1143 3067">
    <p class='ocr_par' dir='ltr' id='par_1_9' title="bbox 185 2196 854 2277">
     <span class='ocr_line' id='line_1_17' title="bbox 185 2196 854 2277; baseline -0.003 -19"><span class='ocrx_word' id='word_1_94' title='bbox 185 2198 267 2258; x_wconf 90' lang='lat' dir='ltr'>Eum</span> <span class='ocrx_word' id='word_1_95' title='bbox 281 2199 418 2272; x_wconf 74' lang='lat' dir='ltr'>sidiutere</span> <span class='ocrx_word' id='word_1_96' title='bbox 431 2197 616 2277; x_wconf 86' lang='lat' dir='ltr'>adsidueque</span> <span class='ocrx_word' id='word_1_97' title='bbox 632 2218 693 2257; x_wconf 86' lang='lat' dir='ltr'>una</span> <span class='ocrx_word' id='word_1_98' title='bbox 706 2196 854 2257; x_wconf 83' lang='lat' dir='ltr'>scribere:</span> 
     </span>
    </p>

    <p class='ocr_par' dir='ltr' id='par_1_10' title="bbox 186 2310 972 2388">
     <span class='ocr_line' id='line_1_18' title="bbox 186 2310 972 2388; baseline -0.003 -18"><span class='ocrx_word' id='word_1_99' title='bbox 186 2311 277 2388; x_wconf 74' lang='lat' dir='ltr'>Quod</span> <span class='ocrx_word' id='word_1_100' title='bbox 293 2311 341 2370; x_wconf 91' lang='lat' dir='ltr'>illi</span> <span class='ocrx_word' id='word_1_101' title='bbox 354 2310 550 2370; x_wconf 87' lang='lat' dir='ltr'>maledictum</span> <span class='ocrx_word' id='word_1_102' title='bbox 565 2313 686 2370; x_wconf 81' lang='lat' dir='ltr'>uemens</span> <span class='ocrx_word' id='word_1_103' title='bbox 701 2329 762 2370; x_wconf 90' lang='lat' dir='ltr'>esse</span> <span class='ocrx_word' id='word_1_104' title='bbox 776 2311 972 2382; x_wconf 86' lang='lat' dir='ltr'>existumant,</span> 
     </span>
    </p>

    <p class='ocr_par' dir='ltr' id='par_1_11' title="bbox 185 2422 1063 2501">
     <span class='ocr_line' id='line_1_19' title="bbox 185 2422 1063 2501; baseline 0 -18"><span class='ocrx_word' id='word_1_105' title='bbox 185 2423 264 2484; x_wconf 82' lang='lat' dir='ltr'>Eum</span> <span class='ocrx_word' id='word_1_106' title='bbox 279 2423 400 2484; x_wconf 75' lang='lat' dir='ltr'>laudem</span> <span class='ocrx_word' id='word_1_107' title='bbox 415 2424 465 2484; x_wconf 83' lang='lat' dir='ltr'>hie</span> <span class='ocrx_word' id='word_1_108' title='bbox 479 2424 563 2484; x_wconf 86' lang='lat' dir='ltr'>ducit</span> <span class='ocrx_word' id='word_1_109' title='bbox 578 2426 761 2496; x_wconf 72' lang='lat' dir='ltr'>mdxumam,</span> <span class='ocrx_word' id='word_1_110' title='bbox 773 2443 863 2501; x_wconf 87' lang='lat' dir='ltr'>quom</span> <span class='ocrx_word' id='word_1_111' title='bbox 876 2422 937 2481; x_wconf 86' lang='lat' dir='ltr'>illis</span> <span class='ocrx_word' id='word_1_112' title='bbox 953 2422 1063 2500; x_wconf 81' lang='lat' dir='ltr'>placet,</span> 
     </span>
    </p>

    <p class='ocr_par' dir='ltr' id='par_1_12' title="bbox 186 2535 830 2617">
     <span class='ocr_line' id='line_1_20' title="bbox 186 2535 830 2617; baseline -0.005 -20"><span class='ocrx_word' id='word_1_113' title='bbox 186 2537 249 2614; x_wconf 75' lang='lat' dir='ltr'>Qui</span> <span class='ocrx_word' id='word_1_114' title='bbox 264 2537 351 2597; x_wconf 78' lang='lat' dir='ltr'>udbis</span> <span class='ocrx_word' id='word_1_115' title='bbox 364 2537 515 2597; x_wconf 81' lang='lat' dir='ltr'>uniudrsis</span> <span class='ocrx_word' id='word_1_116' title='bbox 529 2547 559 2598; x_wconf 90' lang='lat' dir='ltr'>et</span> <span class='ocrx_word' id='word_1_117' title='bbox 573 2537 685 2617; x_wconf 75' lang='lat' dir='ltr'>populi)</span> <span class='ocrx_word' id='word_1_118' title='bbox 699 2535 830 2616; x_wconf 79' lang='lat' dir='ltr'>placent,</span> 
     </span>
    </p>

    <p class='ocr_par' dir='ltr' id='par_1_13' title="bbox 184 2649 1143 2842">
     <span class='ocr_line' id='line_1_21' title="bbox 186 2649 1143 2728; baseline -0.001 -18"><span class='ocrx_word' id='word_1_119' title='bbox 186 2649 324 2726; x_wconf 74' lang='lat' dir='ltr'>Quorum</span> <span class='ocrx_word' id='word_1_120' title='bbox 339 2652 431 2728; x_wconf 83' lang='lat' dir='ltr'>dpere</span> <span class='ocrx_word' id='word_1_121' title='bbox 444 2650 476 2709; x_wconf 92' lang='lat' dir='ltr'>in</span> <span class='ocrx_word' id='word_1_122' title='bbox 491 2649 580 2722; x_wconf 83' lang='lat' dir='ltr'>belle,</span> <span class='ocrx_word' id='word_1_123' title='bbox 595 2651 626 2709; x_wconf 92' lang='lat' dir='ltr'>in</span> <span class='ocrx_word' id='word_1_124' title='bbox 641 2651 711 2723; x_wconf 80' lang='lat' dir='ltr'>dtio,</span> <span class='ocrx_word' id='word_1_125' title='bbox 726 2649 757 2709; x_wconf 94' lang='lat' dir='ltr'>in</span> <span class='ocrx_word' id='word_1_126' title='bbox 773 2649 893 2728; x_wconf 79' lang='lat' dir='ltr'>negdtio</span> <span class='ocrx_word' id='word_1_127' title='bbox 1104 2649 1143 2710; x_wconf 82' lang='lat'>20</span> 
     </span>
     <span class='ocr_line' id='line_1_22' title="bbox 184 2761 876 2842; baseline -0.004 -19"><span class='ocrx_word' id='word_1_128' title='bbox 184 2761 246 2823; x_wconf 84' lang='lat' dir='ltr'>Suo</span> <span class='ocrx_word' id='word_1_129' title='bbox 260 2763 387 2842; x_wconf 88' lang='lat' dir='ltr'>quisque</span> <span class='ocrx_word' id='word_1_130' title='bbox 402 2770 536 2841; x_wconf 86' lang='lat' dir='ltr'>tempore</span> <span class='ocrx_word' id='word_1_131' title='bbox 550 2765 634 2823; x_wconf 76' lang='lat' dir='ltr'>usust</span> <span class='ocrx_word' id='word_1_132' title='bbox 647 2762 711 2822; x_wconf 85' lang='lat' dir='ltr'>sine</span> <span class='ocrx_word' id='word_1_133' title='bbox 724 2761 876 2840; x_wconf 75' lang='lat' dir='ltr'>superbia.</span> 
     </span>
    </p>

    <p class='ocr_par' dir='ltr' id='par_1_14' title="bbox 184 2874 914 2954">
     <span class='ocr_line' id='line_1_23' title="bbox 184 2874 914 2954; baseline -0.001 -19"><span class='ocrx_word' id='word_1_134' title='bbox 184 2875 305 2935; x_wconf 88' lang='lat' dir='ltr'>Dehine</span> <span class='ocrx_word' id='word_1_135' title='bbox 319 2895 357 2934; x_wconf 87' lang='lat' dir='ltr'>ne</span> <span class='ocrx_word' id='word_1_136' title='bbox 370 2876 533 2954; x_wconf 80' lang='lat' dir='ltr'>expectetis</span> <span class='ocrx_word' id='word_1_137' title='bbox 548 2877 759 2954; x_wconf 79' lang='lat' dir='ltr'>drgumentnm</span> <span class='ocrx_word' id='word_1_138' title='bbox 774 2874 914 2934; x_wconf 71' lang='lat' dir='ltr'>fribulae:</span> 
     </span>
    </p>

    <p class='ocr_par' dir='ltr' id='par_1_15' title="bbox 183 2986 926 3067">
     <span class='ocr_line' id='line_1_24' title="bbox 183 2986 926 3067; baseline -0.001 -19"><span class='ocrx_word' id='word_1_139' title='bbox 183 2987 274 3048; x_wconf 80' lang='lat' dir='ltr'>Senes</span> <span class='ocrx_word' id='word_1_140' title='bbox 288 2986 341 3066; x_wconf 92' lang='lat' dir='ltr'>qui</span> <span class='ocrx_word' id='word_1_141' title='bbox 355 2988 446 3066; x_wconf 91' lang='lat' dir='ltr'>primi</span> <span class='ocrx_word' id='word_1_142' title='bbox 462 2988 591 3060; x_wconf 77' lang='lat' dir='ltr'>uenient,</span> <span class='ocrx_word' id='word_1_143' title='bbox 605 2988 633 3047; x_wconf 88' lang='lat' dir='ltr'>ei</span> <span class='ocrx_word' id='word_1_144' title='bbox 649 2996 766 3067; x_wconf 88' lang='lat' dir='ltr'>partem</span> <span class='ocrx_word' id='word_1_145' title='bbox 780 2987 926 3065; x_wconf 82' lang='lat' dir='ltr'>dperient,</span> 
     </span>
    </p>
   </div>
   <div class='ocr_carea' id='block_1_5' title="bbox 177 3089 1053 3251">
    <p class='ocr_par' dir='ltr' id='par_1_16' title="bbox 177 3089 1053 3251">
     <span class='ocr_line' id='line_1_25' title="bbox 177 3089 1053 3179; baseline -0.001 -19"><span class='ocrx_word' id='word_1_146' title='bbox 177 3098 222 3173; x_wconf 80' lang='lat' dir='ltr'>‚In</span> <span class='ocrx_word' id='word_1_147' title='bbox 237 3099 354 3178; x_wconf 79' lang='lat' dir='ltr'>agendo</span> <span class='ocrx_word' id='word_1_148' title='bbox 368 3111 485 3179; x_wconf 84' lang='lat' dir='ltr'>purtem</span> <span class='ocrx_word' id='word_1_149' title='bbox 500 3093 665 3161; x_wconf 77' lang='lat' dir='ltr'>ostendent.</span> <span class='ocrx_word' id='word_1_150' title='bbox 707 3100 798 3160; x_wconf 81' lang='lat' dir='ltr'>facite</span> <span class='ocrx_word' id='word_1_151' title='bbox 811 3099 1032 3179; x_wconf 72' lang='lat' dir='ltr'>eequdnimitas</span> <span class='ocrx_word' id='word_1_152' title='bbox 1052 3089 1053 3092; x_wconf 23' lang='lat'>¹</span> 
     </span>
     <span class='ocr_line' id='line_1_26' title="bbox 185 3210 1032 3251; baseline 0 -3"><span class='ocrx_word' id='word_1_153' title='bbox 185 3211 203 3248; x_wconf 67' lang='lat' dir='ltr'>s</span> <span class='ocrx_word' id='word_1_154' title='bbox 285 3211 303 3248; x_wconf 70' lang='lat' dir='ltr'>s</span> <span class='ocrx_word' id='word_1_155' title='bbox 384 3212 401 3250; x_wconf 76' lang='lat'>›1‹</span> <span class='ocrx_word' id='word_1_156' title='bbox 483 3212 500 3249; x_wconf 73' lang='lat' dir='ltr'>s</span> <span class='ocrx_word' id='word_1_157' title='bbox 583 3213 600 3251; x_wconf 76' lang='lat'>›1‹</span> <span class='ocrx_word' id='word_1_158' title='bbox 691 3212 708 3249; x_wconf 70' lang='lat' dir='ltr'>s</span> <span class='ocrx_word' id='word_1_159' title='bbox 799 3212 816 3249; x_wconf 70' lang='lat' dir='ltr'>s</span> <span class='ocrx_word' id='word_1_160' title='bbox 907 3210 925 3248; x_wconf 71' lang='lat' dir='ltr'>s</span> <span class='ocrx_word' id='word_1_161' title='bbox 1015 3212 1032 3248; x_wconf 71' lang='lat' dir='ltr'>&gt;s</span> 
     </span>
    </p>
   </div>
   <div class='ocr_carea' id='block_1_6' title="bbox 184 3290 1140 3464">
    <p class='ocr_par' dir='ltr' id='par_1_17' title="bbox 184 3290 1140 3464">
     <span class='ocr_line' id='line_1_27' title="bbox 184 3290 1140 3372; baseline -0.006 -19"><span class='ocrx_word' id='word_1_162' title='bbox 184 3290 350 3353; x_wconf 71' lang='lat' dir='ltr'>Poeteead</span> <span class='ocrx_word' id='word_1_163' title='bbox 364 3292 555 3353; x_wconf 84' lang='lat' dir='ltr'>scribendum</span> <span class='ocrx_word' id='word_1_164' title='bbox 570 3295 680 3372; x_wconf 79' lang='lat' dir='ltr'>uigeat</span> <span class='ocrx_word' id='word_1_165' title='bbox 693 3291 883 3352; x_wconf 81' lang='lat' dir='ltr'>industriam.</span> <span class='ocrx_word' id='word_1_166' title='bbox 1101 3291 1140 3348; x_wconf 83' lang='lat'>25</span> 
     </span>
     <span class='ocr_line' id='line_1_28' title="bbox 1003 3399 1120 3464; baseline -0.009 -16"><span class='ocrx_word' id='word_1_167' title='bbox 1003 3399 1036 3448; x_wconf 83' lang='lat'>71</span> <span class='ocrx_word' id='word_1_168' title='bbox 1088 3411 1120 3464; x_wconf 60' lang='lat' dir='ltr'>ta</span> 
     </span>
    </p>
   </div>
   <div class='ocr_carea' id='block_1_7' title="bbox 0 0 1292 3760">
    <p class='ocr_par' dir='ltr' id='par_1_18' title="bbox 0 0 1292 3760">
     <span class='ocr_line' id='line_1_29' title="bbox 0 0 1292 3760; baseline 0 0"><span class='ocrx_word' id='word_1_169' title='bbox 0 0 1292 3760; x_wconf 95' lang='lat' dir='ltr'> </span> 
     </span>
    </p>
   </div>
  </div>
 </body>
</html>
