2576 3760
141 227 183 290 86
500 243 538 290 Ρ.
561 243 754 288 enemim
887 227 894 238 '
951 223 1032 310 [Act
1047 221 1098 287 ΙΙ.

221 398 340 461 Verum
364 400 445 460 enim
469 419 542 460 uero
566 399 598 460 id
623 400 744 459 demiim
766 400 861 472 iuuat,
882 397 908 460 si
928 419 1017 478 quem

381 516 537 592 aequomst
551 514 649 574 faeere
663 513 688 572 is
702 513 778 573 bene
792 511 873 573 facit.
1040 512 1099 572 255

221 623 249 685 O
264 624 357 685 freter
371 625 473 698 frater,
489 625 563 704 quid
577 646 631 704 ego
645 646 727 686 nunc
740 635 771 685 te
784 624 927 685 laidem?
947 625 1019 684 eatis

381 740 461 798 certe
477 738 555 798 scio:

220 850 398 930 Numquam
421 852 466 911 ita
490 850 649 929 magnifice
673 852 835 929 quicquam
856 850 965 924 dicam,
985 849 1018 910 id

381 965 479 1024 uirtus
494 964 566 1042 quin
581 967 701 1043 superet
714 973 776 1024 tua.

221 1075 329 1157 Itaque
343 1078 436 1137 inam
450 1077 530 1137 hanc
543 1097 606 1138 rem
623 1097 669 1136 me
683 1075 795 1136 habere
809 1085 928 1154 praeter
942 1071 1017 1137 ilios

378 1191 571 1271 praecipuam
587 1191 727 1263 trbitror,

220 1302 361 1364 Fratrem
379 1304 496 1364 hcmini
516 1303 630 1363 nemini
645 1307 707 1364 esse
722 1304 891 1384 primarum
904 1303 1017 1365 citium

223 1463 225 1468 .
380 1417 476 1495 magis
490 1416 668 1496 principem.

139 1529 187 1610 Sy.
221 1529 410 1610 OOtesipho.
458 1529 500 1592 Οἱ.
515 1529 637 1610 OSyre,
647 1529 817 1591 Aeschinus
829 1530 930 1592 ubist?
969 1530 1016 1611 Sy.

379 1620 495 1714 fillum,
509 1650 539 1701 te
553 1643 693 1720 expectet
709 1641 799 1701 domi.
847 1640 889 1702 Ot.
904 1641 995 1702 Hem.
1038 1642 1097 1704 260

139 1755 186 1834 Sy.
222 1755 306 1832 Quid
333 1755 397 1816 est?
444 1755 485 1817 ot.
514 1755 598 1832 Quid
626 1755 686 1815 sit?
707 1755 790 1815 iilius
811 1758 910 1836 cipere,
932 1754 1015 1836 Syre,

380 1888 462 1928 nunc
475 1869 564 1928 uiuo:
587 1867 724 1929 festinem
741 1878 842 1949 caput,

220 1979 283 2057 Qui
298 1980 478 2059 igntminias
498 1979 555 2058 sibi
570 1983 637 2059 pest
651 1980 773 2059 putauit
787 1983 849 2041 esse
863 2001 936 2060 prae
950 2001 1016 2041 meo

372 2092 544 2166 ‘ccmmodm

220 2205 395 2279 Maledicta,
410 2206 532 2280 famam,
547 2209 646 2267 mefim
667 2207 802 2268 laborem
816 2216 846 2267 et
858 2210 1015 2286 peccatum

379 2321 411 2380 in
426 2341 457 2380 se
470 2321 645 2381 trinstulit:

219 2434 274 2495 Nil
288 2434 366 2514 petis
380 2455 480 2514 supra.
523 2435 595 2514 quid
612 2437 681 2496 nim
697 2435 769 2496 foris
791 2436 929 2515 crepuit?
968 2435 1015 2515 Sy.

380 2547 480 2621 Mine,
495 2569 602 2610 mane:
623 2549 687 2628 ipse
701 2550 766 2609 exit
780 2548 868 2610 foras,
985 2561 989 2568 '

247 2743 444 2807 timeamve.
486 2743 634 2806 Smmm.¹
662 2745 834 2808 Otesmflo.
876 2746 990 2809 SYva

139 2875 193 2938 Ac.
221 2875 314 2938 Vbist
327 2876 381 2936 ille
395 2874 579 2955 sacrileges?
619 2876 667 2936 Sc.
690 2875 742 2936 Me
763 2876 889 2956 quaerit.
931 2877 1015 2936 niun·

379 2989 451 3069 quid
467 3010 537 3050 nam
553 2989 665 3050 ecfert?
685 2989 798 3051 cecidi:
1037 2990 1095 3050 265

218 3102 273 3163 Nil
300 3104 398 3164 uideo.
440 3101 494 3164 Ae.
523 3103 622 3162 Ehem
650 3105 833 3182 opportime:
861 3111 892 3164 te
915 3102 1014 3183 ipsum

378 3219 505 3295 quaero:
527 3216 600 3295 quid
615 3215 658 3289 fit,
672 3214 836 3296 Ctesipho?

217 3326 257 3388 In
283 3329 377 3390 tfitcst
403 3329 501 3390 omnis
529 3333 594 3390 res:
626 3329 732 3391 omitte
759 3332 831 3391 uero
860 3329 1014 3392 tristitiem

378 3450 471 3502 tuam.
