2576 3760
188 279 240 345 Sc
249 279 279 345 Ι.
288 278 402 365 1-41.]
573 297 763 346 annam.
1127 284 1147 346 9

269 453 366 544 Quasi
380 453 624 533 exprobratiest
615 474 773 516 mmemorr
764 453 921 516 benefici.

269 568 354 645 Quin
367 577 402 629 tu
415 549 476 630 lino
490 568 583 630 uerbo
597 545 656 643 dic,
671 569 745 649 quid
759 578 803 630 est
816 569 898 649 quod
911 572 960 629 me
974 569 1059 630 uelis
1106 569 1146 629 45

186 680 230 742 Si
270 679 447 742 Itafeciam
483 682 552 743 Hoc
563 702 695 761 primum
707 703 738 741 ιιι
750 682 806 743 hec
817 702 849 742 ra
859 681 1001 761 praedlce
1011 680 1085 742 t1b1
1146 747 1151 755 ,

269 789 355 866 Quas
368 790 464 850 credis
478 810 540 850 essa
554 790 617 863 has,
631 792 692 850 nen
706 799 777 850 sunt
790 810 880 850 uerae
893 791 1026 870 nuptiae.

186 900 234 963 so.
269 900 357 977 Quor
369 901 494 962 simulas
508 901 625 982 igitur?
664 901 706 963 si.
728 902 807 963 Rem
828 905 947 964 emnem
967 924 987 965 a
1006 904 1087 982 prin·
1131 890 1137 900 ’

428 1013 506 1092 cipio
520 1012 639 1074 audies:

227 1201 229 1205 ,
268 1122 315 1184 Eo
329 1125 417 1203 pecto
432 1133 462 1185 et
477 1125 562 1205 gnati
576 1125 674 1186 uitam
688 1133 718 1186 et
732 1127 891 1187 consilium
904 1148 1004 1189 meum

268 1233 442 1314 chnesces,
456 1235 574 1314 etquid
588 1236 686 1297 fecere
700 1237 731 1297 in
747 1238 805 1299 hac
819 1241 895 1300 rete
908 1239 1009 1299 uelim.
1106 1239 1146 1300 50

268 1345 349 1406 Nam
363 1347 388 1407 is
403 1349 562 1427 pestquam
579 1349 705 1411 excessit
718 1353 757 1410 ex
771 1350 902 1429 ephebis,
917 1349 1009 1424 Sosia,

268 1457 407 1518 Liberius
421 1458 547 1519 uiuendi
561 1459 620 1520 fuit
633 1469 764 1540 potestas
773 1482 892 1521 —nam
908 1463 996 1522 entea

268 1568 332 1645 Qui
344 1569 421 1631 scire
434 1589 533 1649 posses
547 1573 601 1632 aut
614 1572 768 1652 ingenium
783 1575 912 1646 nescere,

268 1679 352 1740 Dum
378 1682 461 1741 aetas
488 1691 587 1743 metus
610 1684 754 1763 magister
775 1683 999 1764 prohibebant?
1038 1684 1084 1747 So.

375 1795 382 1808 ’
427 1794 513 1857 Itast.

270 1908 360 1986 Quod
376 1908 513 1989 plerique
528 1931 629 1971 omnes
643 1910 759 1972 ficiunt
773 1910 1001 1984 adulescentuli,
1106 1911 1145 1971 55

268 2021 313 2083 Vt
333 2022 468 2082 inimum
489 2023 528 2084 ad
549 2023 673 2103 aliquod
693 2024 827 2085 studium
841 2024 1018 2103 adiungam,
1032 2025 1086 2084 adt

428 2156 518 2214 equos

268 2249 361 2312 Alere
381 2251 435 2311 aut
456 2270 543 2311 canes
567 2251 606 2311 ad
630 2251 812 2325 uenandum,
827 2259 881 2312 aut
899 2251 939 2311 ad
956 2251 1087 2330 philosc

426 2366 519 2446 phos:

269 2476 388 2538 Horum
404 2477 458 2538 ille
472 2477 517 2538 nil
531 2477 649 2558 egregie
662 2487 782 2558 practer
795 2481 894 2539 cetera

268 2589 423 2665 studebat,
438 2600 468 2652 et
482 2601 584 2654 tamen
599 2592 700 2653 emnia
715 2592 789 2654 haec
802 2592 1000 2653 mediocriter.

268 2702 455 2765 Gaudebam.
498 2704 544 2765 So.
566 2703 638 2765 Non
653 2705 781 2765 iniuria:
803 2725 874 2766 nam
888 2705 920 2765 id
935 2704 1064 2766 erbitror
1106 2705 1145 2768 60

267 2815 452 2916 Qm..
430 2837 463 2875 ιιι
477 2816 543 2877 uita
556 2837 617 2877 esse
631 2817 715 2890 utile,
730 2825 764 2878 ut
777 2837 815 2878 ne
829 2817 947 2898 quid
917 2817 1015 2877 nimis

187 2927 230 2990 di
268 2927 318 2990 Sic
332 2930 398 2990 uita
412 2938 494 2991 erat:
515 2930 605 2991 facile
619 2932 721 2991 emnes
734 2931 866 3011 perferre
877 2932 911 2991 ec
925 2930 1006 3008 pati:

267 3040 344 3101 Cum
359 3041 469 3120 quibus
483 3050 549 3103 erat
562 3062 711 3122 quomque
725 3043 835 3116 duas
810 3063 851 3103 ers
866 3062 927 3102 sese
940 3041 1064 3102 dedere:

267 3152 384 3214 Eerum
398 3152 520 3233 ebsequi
534 3153 649 3227 studiis,
664 3153 808 3214 aduorsus
823 3153 945 3225 nemini,

267 3265 443 3345 Numquam
458 3287 643 3346 praeponens
657 3288 688 3328 se
701 3266 779 3327 illis:
801 3267 845 3327 ita
858 3267 1014 3326 facillume
1106 3266 1144 3324 65

267 3377 338 3439 Sine
351 3378 469 3438 inuidia
482 3378 604 3439 laudem
618 3379 755 3439 inuenias
770 3387 800 3439 et
813 3379 924 3438 amices
938 3397 1032 3455 pares.

187 3490 233 3554 Sc.
268 3489 427 3570 Sapienter
440 3491 536 3551 uitam
551 3490 684 3550 instituit
694 3489 708 3549 :¹
721 3508 852 3566 namque
866 3489 922 3545 hoc
937 3489 1070 3560 tempore

267 3603 452 3706 Qum
467 3605 588 3676 amison,
602 3602 713 3662 ueritas
728 3600 829 3682 oditim
845 3597 933 3674 parit.
