2586 3764
169 265 421 352 So.IX.l-28.]
525 282 779 332 Aosupnou.
1067 269 1124 333 131

170 439 227 500 De.
253 437 387 500 Gaddeo.
429 437 483 500 Ae.
499 438 541 500 Et
555 459 619 518 ego.
660 439 707 518 Sy.
723 439 837 500 Credo:
859 438 977 502 utinam
992 439 1050 500 hoo

363 546 368 554 ’
412 554 587 630 perpetuom
602 552 656 611 fiat
669 552 824 631 gaudium,

251 661 419 742 Phrygiam
430 672 465 722 ut
478 665 604 752 uxorem
616 683 714 723 meum
726 683 787 724 una
798 665 915 722 mecum
928 663 1048 724 uidesm

411 772 547 834 hierom.

170 883 227 945 De.
252 867 420 964 Optumum
440 885 562 965 quidem
583 885 749 946 mulierem.
790 885 837 965 Sy.
863 885 906 947 Et
926 887 1048 967 quidem

414 1000 465 1057 tuo
480 998 581 1076 nepoti
596 998 686 1057 huius
701 997 769 1058 filio

251 1111 354 1172 Hodie
364 1111 464 1192 prima
474 1114 637 1172 mdmmsm
647 1112 731 1173 dedit
740 1113 823 1173 haec.
865 1111 920 1174 De.
935 1112 1048 1174 Hercle

145 1306 150 1316 Ι
413 1244 485 1284 uero
499 1224 584 1296 serio,
1070 1225 1128 1286 975

252 1334 409 1413 Siquidem
436 1335 536 1413 prima
564 1334 657 1407 dedit,
680 1333 764 1394 haud
792 1333 948 1395 dubiumst
975 1335 1050 1414 quin

413 1446 510 1506 emitti
524 1449 652 1526 aequdm
666 1447 730 1508 siet.

173 1557 228 1618 Mi.
253 1537 304 1618 (ib
325 1577 391 1618 eam
413 1560 497 1619 rem?
538 1559 593 1620 De.
615 1558 664 1619 Ob
685 1579 770 1618 eam:
792 1561 941 1637 pestremo
963 1579 981 1618 a
1001 1579 1050 1619 me

414 1675 573 1750 argeutum
588 1671 722 1750 quantist
738 1671 855 1732 sdmito.

172 1781 220 1861 Sy.
252 1781 297 1841 Di
318 1781 383 1855 tibi,
404 1781 528 1852 Demea,
550 1781 652 1842 omnia
672 1801 774 1842 omnes
802 1785 918 1861 semper
945 1790 1051 1862 optata

415 1891 549 1953 offerant.

173 2004 228 2066 Mt.
253 2005 337 2084 Sy‘m,
357 2005 524 2084 processisti
539 2004 628 2064 hddie
641 2004 776 2085 pulchre.
817 2006 872 2066 De.
894 2005 1050 2084 Siquidem

413 2137 512 2196 porro,
527 2116 630 2189 Micio,

255 2228 302 2290 Tu
328 2238 412 2290 tuom
442 2229 573 2290 officium
601 2228 700 2301 fdoies,
724 2236 814 2307 atque
839 2228 911 2287 huic
935 2228 1051 2308 dliquid

417 2344 544 2422 paulum
565 2346 638 2421 prae
659 2362 751 2401 manu
1071 2343 1130 2404 980

255 2453 391 2525 Dederis,
416 2455 497 2514 unde
525 2456 644 2514 utdtur:
667 2450 771 2513 reddet
799 2451 857 2512 tssii
884 2452 952 2513 cito.
994 2453 1049 2515 Mt

415 2564 495 2626 Istoe
516 2566 617 2626 ussius.

174 2680 228 2739 Ae.
254 2678 350 2758 Frugi
371 2678 497 2739 homost.
538 2679 585 2758 Sy
608 2678 747 2740 Reddam
769 2678 878 2752 hercle,
893 2679 933 2739 ds
954 2679 1050 2741 modo,

414 2791 468 2851 Ae.
485 2784 562 2870 Age,
577 2801 671 2870 pater.
713 2792 767 2852 Mi.
782 2790 856 2852 Post
870 2791 1032 2852 consulam.

175 2908 231 2968 De.
257 2906 370 2967 Ftoiet.
412 2905 459 2985 Sy.
485 2905 513 2966 0
538 2907 587 2965 uir
610 2909 741 2984 optume.
782 2905 835 2967 Ae.
858 2905 886 2966 O
907 2909 993 2984 pater
1009 2906 1051 2965 mi

415 3019 623 3078 festiuissume.

175 3133 230 3193 Mt
257 3131 343 3210 Quid
363 3132 461 3192 istuc?
481 3153 559 3210 quae
579 3153 625 3191 res
646 3134 708 3191 tim
729 3142 851 3211 repente
872 3135 968 3193 mores
988 3154 1051 3192 mu·

416 3247 497 3316 tsuit
509 3246 599 3324 tuos?
677 3325 683 3337 .

256 3356 348 3434 Quod
362 3325 559 3438 pididioiuni'?
573 3359 650 3434 quae
665 3356 755 3415 istaec
769 3355 898 3415 subitost
908 3355 1052 3435 ldrgitas?

416 3468 472 3528 De.
487 3467 596 3527 Diodm
610 3465 683 3524 tibi:
1073 3463 1132 3521 985
