2576 3760
177 277 217 337 16
526 292 563 338 P.
587 293 780 338 mmmmm
1001 275 1082 362 [Aet
1105 277 1133 344 Ι.

173 449 216 510 δι’.
256 448 354 510 Daue.
396 448 455 508 Da.
477 447 569 521 Hem,
583 449 657 527 quid
672 450 738 509 est?
777 450 820 511 St.
843 451 911 511 Eho
926 449 1000 511 dum
1016 452 1054 511 ed

415 581 471 621 me.
513 558 571 621 Da.
595 561 679 638 Quid
700 561 751 622 hie
771 561 857 622 uolt?
898 563 939 622 St.
969 563 1054 640 Quid

414 675 480 734 a'r's?
520 671 579 734 Da,
603 674 674 751 Qua
688 675 726 735 de
740 676 794 735 re?
833 675 876 737 si.
898 676 1021 754 Rogas?

253 785 357 846 Meum
369 789 496 866 gnetum
506 807 611 846 rumor
621 790 668 847 est
682 807 792 847 amare.
833 787 893 848 Da.
908 787 946 847 Id
960 790 1052 867 pepu-

413 898 460 958 lus
475 907 563 959 curat
576 898 699 959 seilicet.
1074 901 1132 961 185
1146 921 1148 925 ·

173 1009 215 1072 Si.
256 1009 376 1071 Hocine
390 1011 454 1090 agis
469 1030 508 1070 an
523 1010 604 1070 non?
644 1010 704 1070 Da.
720 988 869 1089 figouero
883 1010 969 1072 istuc.
1009 1011 1051 1072 Si.

412 1125 471 1186 sed
485 1146 567 1187 nunc
580 1145 617 1186 ea
630 1145 679 1185 me
692 1127 859 1203 exquirere,

253 1238 356 1317 Iniqui
377 1238 472 1318 patris
493 1246 552 1298 est:
574 1240 645 1296 nem
662 1238 742 1316 quod
763 1237 891 1297 antehae
913 1237 992 1311 feeit,
1006 1237 1050 1298 nil

413 1350 453 1411 ad
467 1371 515 1410 me
529 1351 644 1411 ettinet.

254 1464 338 1524 Dum
352 1467 471 1542 tempus
485 1463 526 1523 ad
539 1483 606 1522 eam
621 1466 683 1522 rem
698 1462 778 1536 tulit,
793 1461 851 1522 siui
865 1462 1000 1522 enimum
1018 1471 1052 1523 ut

412 1573 548 1652 expleret
562 1593 663 1633 suom:

251 1684 344 1746 Nune
364 1685 415 1745 hie
435 1686 498 1745 diee
518 1684 611 1745 aliam
627 1685 724 1744 uitam
744 1685 851 1758 adfert,
867 1685 941 1746 elios
955 1705 1051 1746 mores

410 1798 552 1879 pestulet.

252 1911 372 1972 Dehine
392 1911 512 1991 pestulo
533 1911 597 1972 niue
617 1915 773 1993 aequomst
786 1921 816 1972 te
829 1933 891 1986 oro,
906 1911 1002 1986 Deue,
1017 1921 1051 1974 ut

412 2024 515 2085 redeat
530 2025 591 2086 iam
605 2028 638 2085 in
651 2026 743 2112 niem.
848 2031 852 2038 '
1072 2026 1131 2088 190

172 2138 231 2202 Da.
254 2137 324 2198 Hoe
337 2138 413 2218 quid
426 2137 488 2198 sit?
528 2138 570 2199 st.
585 2138 706 2212 Omnes,
721 2141 776 2218 qui
789 2147 903 2212 amant,
917 2139 1051 2218 grauiter

409 2249 467 2308 sibi
482 2249 549 2309 deri
563 2253 690 2310 uxorem
703 2250 812 2311 ferunt.

172 2362 230 2422 De.
252 2361 302 2421 Ita
315 2361 410 2422 eiunt.
451 2361 493 2423 si.
515 2361 594 2422 Tum
607 2363 700 2442 siquis
714 2363 892 2442 magistrum
911 2363 991 2442 cepit
1010 2363 1050 2423 ad

411 2493 477 2534 eam
492 2494 555 2534 rem
569 2473 741 2552 inprobum,

250 2584 355 2663 Ipsum
370 2585 505 2644 enimum
520 2593 677 2664 aegrotum
691 2585 730 2644 ed
744 2584 920 2645 deteriorem
932 2587 1048 2665 pertem

410 2697 588 2777 plerumque
602 2697 744 2776 edplieat.

170 2809 229 2870 De.
251 2809 323 2869 Non
349 2809 450 2870 hercle
477 2809 628 2890 intellege,
670 2809 712 2870 Si.
743 2809 835 2870 Non?
869 2810 947 2870 hem.
988 2811 1048 2872 Da.

410 2919 498 2980 Non:
520 2907 623 3012 DQ
637 2942 713 3010 eum3
728 2942 788 3012 nen
802 2921 945 3002 Oedipum

171 3030 211 3092 st.
251 3029 370 3110 Nempe
383 3034 454 3110 ergo
468 3039 572 3110 aperte
585 3034 633 3092 uis
647 3053 724 3111 quae
739 3041 854 3093 restant
874 3036 922 3094 me
942 3032 1048 3114 loqui?

410 3139 469 3200 De.
490 3139 569 3200 Sane
583 3140 714 3219 quidem.
1068 3140 1127 3201 195

169 3251 211 3314 Si.
252 3247 285 3308 Si
298 3252 416 3312 sensero
430 3251 520 3312 hodie
534 3254 696 3331 quicquam
711 3252 743 3312 in
757 3251 804 3312 his
818 3260 848 3312 te
862 3253 976 3331 neptiis
998 3337 1000 3342 Ι

249 3363 405 3426 Felleeiae
419 3365 530 3440 ceneri,
546 3386 604 3445 quo
618 3365 693 3426 fient
706 3366 814 3439 minue,

250 3473 317 3537 Aut
331 3475 411 3536 uelle
425 3476 458 3536 in
472 3496 509 3536 ee
522 3497 555 3537 re
568 3476 693 3552 ostendi,
708 3496 800 3557 quem
813 3475 855 3536 sis
866 3475 1012 3538 cellidus:
1049 3465 1060 3472 ’
