2576 3760
481 388 883 482 PROLOGVS.

203 571 298 634 Poeta
311 593 402 653 quom
417 572 550 653 primum
564 573 699 633 enimum
714 571 958 635 adscribendum
973 573 1102 654 edpulit,

203 684 242 746 Id
255 685 314 747 sibi
328 686 429 765 negoti
444 685 574 746 credidit
587 684 685 745 solum
699 684 776 758 dari,

203 798 322 878 Populo
335 800 370 859 dt
383 797 539 878 placerent
553 801 627 878 ques
641 797 759 859 fecisset
772 798 900 860 febulas.

203 912 321 974 Verum
334 913 424 973 eliter
437 915 558 980 euenire
573 911 670 1000 multo
686 912 851 994 intellegit:

203 1025 284 1086 Nam
299 1025 331 1086 in
345 1025 477 1105 prelogis
491 1025 660 1086 scribundis
675 1045 798 1104 operam
813 1025 958 1099 abutitur,
1100 1045 1112 1060 ‘
1140 1027 1160 1087 5

203 1139 274 1199 Non
288 1140 341 1218 qui
354 1141 567 1219 ergumentum
582 1141 693 1212 nerret,
708 1138 759 1198 sed
774 1139 828 1217 qui
841 1137 979 1198 meliuoli

203 1249 324 1310 Veteris
337 1254 444 1328 poetae
458 1249 625 1310 meledictis
640 1248 826 1328 respondeat.
946 1311 950 1320 ,

203 1360 304 1434 Nunc,
313 1363 404 1440 quem
416 1381 477 1420 rem
490 1361 565 1421 uitio
576 1361 657 1434 dent,
668 1381 778 1440 quaeso
793 1360 930 1420 animum
943 1359 1098 1422 attendite

202 1472 371 1550 Menander
384 1473 456 1534 fau
468 1451 620 1534 induam
635 1473 877 1535 strennuum.

203 1585 266 1662 Qui
280 1585 428 1650 utremuis
442 1593 522 1645 recte
536 1585 625 1658 uerit,
640 1584 745 1646 ambas
759 1585 897 1646 uenerit:
1120 1586 1160 1648 10

202 1696 273 1757 Non
286 1698 332 1758 ita
345 1704 417 1756 sunt
431 1695 569 1756 dissimili
584 1678 770 1775 erguniento‚
785 1695 837 1757 sed
851 1705 954 1757 tamen

202 1807 351 1868 Dissimili
365 1806 500 1867 oratiene
514 1813 585 1866 sunt
598 1804 697 1866 factae
710 1807 746 1865 ec
759 1805 837 1866 stilo.

202 1918 291 1995 Quae
305 1919 470 1978 cennenere
484 1917 516 1976 iu
530 1894 681 1977 lindriam
697 1938 735 1978 ex
750 1917 909 1978 Perinthia

201 2032 330 2092 Fatetur
344 2030 532 2092 transtulisse
545 2039 637 2110 atque
651 2051 738 2090 usum
753 2033 809 2110 pre
821 2032 891 2093 suis.

201 2143 240 2203 Id
254 2143 305 2204 isti
318 2143 495 2221 uituperant
509 2142 623 2202 fectum
637 2151 729 2221 atque
742 2142 775 2201 in
789 2163 824 2204 eo
838 2143 997 2223 disputant
1118 2143 1157 2206 15

201 2254 408 2317 Contaminari
422 2257 482 2314 nen
497 2254 602 2315 decere
616 2253 743 2316 febulas.

201 2367 370 2428 Faciuntne
383 2364 594 2445 intellegendo,
609 2373 645 2425 ut
658 2365 703 2424 nil
717 2365 918 2446 intellegant?
944 2359 967 2420 ’κ’
1074 2375 1076 2382 ’

201 2479 264 2556 Qui
278 2500 368 2559 quom
382 2479 463 2540 hdno
477 2487 628 2551 accusant,
640 2477 793 2540 Naeuium
804 2479 951 2540 Plautum
961 2457 1096 2539 finnium

200 2591 363 2665 Accdsant,
377 2612 451 2671 quos
464 2592 514 2652 hio
528 2593 628 2651 nester
642 2596 778 2654 auctores
792 2592 893 2667 habet,

200 2705 340 2782 Quorum
354 2703 501 2765 aemulari
516 2707 642 2784 exeptat
656 2704 878 2786 neglegentiam
1117 2705 1157 2768 20

199 2817 304 2879 Potids
317 2838 410 2897 quam
424 2816 549 2878 istorum
564 2816 721 2879 obscuram
736 2819 934 2899 diligentiam.

199 2930 320 2992 Dehinc
332 2933 368 2992 dt
381 2931 536 3012 quiescant
549 2934 639 3012 perro
653 2951 760 2993 moneo
773 2939 804 2993 et
817 2931 956 2993 desinant

198 3043 284 3104 Male
297 3043 405 3128 dicere,
419 3044 581 3106 malefeota
594 3065 633 3105 ne
646 3046 772 3106 noscent
784 3065 848 3105 sua.

199 3153 322 3228 Facete,
337 3156 438 3218 adeste
451 3177 547 3238 aequo
561 3158 661 3219 enimc
676 3166 706 3220 et
720 3179 783 3220 rem
797 3156 973 3238 cognescite,

199 3269 245 3331 Vt
258 3271 449 3348 pernoscatis,
463 3271 571 3351 ecquid
584 3271 649 3351 spei
662 3272 702 3333 sit
716 3271 880 3332 relicuom:
1115 3269 1155 3328 25

199 3382 328 3443 Posthec
342 3404 416 3463 quas
430 3384 521 3446 faciet
534 3386 571 3446 de
584 3387 701 3464 integro
716 3384 892 3456 comoedias,

197 3493 386 3574 Spectendao
398 3516 439 3557 an
453 3497 619 3576 exigendae
631 3497 692 3556 sint
705 3493 792 3556 uobis
806 3493 898 3572 prius.

1031 3596 1047 3648 ⁷
