2576 3760
163 209 400 298 Se.I.42-89.]
541 233 732 283 sunem.
1078 225 1117 288 11

243 384 351 465 Neque
364 388 570 449 cdmmouetur
584 389 701 450 enimus
715 391 748 451 iu
761 412 797 453 ea
810 395 843 454 re
855 401 967 468 tamen,

243 497 326 558 Scias
339 500 424 579 pdsse
434 499 545 561 habere
559 501 620 562 iam
634 502 734 581 ipsum
748 524 821 564 suae
831 505 913 566 uitae
927 507 1060 568 modum.
1082 507 1120 567 95

244 610 345 688 Quom
373 613 405 672 id
432 613 510 673 mihi
533 613 683 694 placebat,
707 623 773 676 tum
800 617 861 678 dno
885 637 936 678 ore
960 639 1061 679 omnes

402 727 504 788 (imnia

243 837 331 898 Bona
344 839 444 900 dicere
458 849 488 900 et
502 840 627 902 lauddre
641 841 776 904 fortunts
790 865 880 919 meas,

244 949 307 1026 Qui
320 953 446 1030 guttum
460 950 602 1012 haberem
617 953 672 1014 teli
685 954 806 1034 ingenio
820 957 999 1037 praeditum.

244 1062 328 1139 Quid
339 1062 438 1124 uerbis
449 1083 523 1142 opus
534 1066 601 1126 est?
614 1065 672 1126 hetc
682 1067 764 1127 famu
774 1068 911 1147 inpulsus
920 1069 1062 1130 Chremes

243 1171 336 1235 Vltro
349 1173 388 1234 td
402 1193 450 1233 me
464 1174 557 1246 uenit,
571 1175 693 1235 (micam
706 1179 831 1256 gnctdm
845 1197 931 1258 suam
1064 1180 1122 1241 100

243 1290 321 1352 Cum
335 1291 405 1352 ddte
418 1311 536 1351 summa
549 1291 616 1353 fflio
631 1313 758 1354 uxorem
771 1296 805 1354 ut
818 1295 912 1356 daret

244 1403 385 1464 Placuit:
408 1403 570 1483 despondi:
592 1404 643 1466 hic
656 1407 771 1486 ndptiis
786 1407 897 1468 dictdst
910 1409 982 1471 dies.

162 1518 210 1580 Sc.
245 1518 329 1595 Quid
344 1518 439 1598 igitur
453 1517 561 1592 obstat,
574 1522 650 1597 qu6r
663 1540 724 1580 non
738 1520 834 1581 fiant?
873 1521 915 1583 si.
936 1521 1061 1584 Audies.

243 1630 353 1692 Ferme
367 1632 400 1691 in
416 1631 521 1692 diebus
535 1632 647 1711 padcis,
663 1632 772 1710 quibus
785 1632 861 1694 haec
875 1635 942 1694 teta
955 1642 1035 1709 sunt,

243 1743 368 1824 Chrysis
378 1744 479 1804 uicina
490 1744 564 1804 haec
573 1745 709 1805 mdritur.
743 1745 790 1806 Sc.
801 1743 948 1807 Osactdm
957 1745 1049 1808 bene:
1064 1747 1123 1807 105

243 1855 364 1917 Betsti:
379 1855 407 1915 ei
420 1855 515 1916 metui
529 1875 549 1915 a
562 1854 718 1936 Chryside.
758 1854 801 1916 Se.
817 1855 866 1916 Ibi
879 1864 946 1916 tum
959 1857 1044 1918 filius
1128 1934 1130 1939 Α

244 1970 323 2032 Cum
336 1970 408 2044 illis,
423 1970 476 2050 qui
496 1978 636 2030 amarant
656 1968 845 2050 Chrysidem,
860 1991 922 2031 una
939 1970 1044 2032 aderet

405 2083 563 2162 frequens:

244 2196 380 2258 Curdbat
394 2218 456 2258 una
469 2196 576 2256 fdnus:
597 2196 692 2256 tristis
705 2196 838 2270 interim,

243 2311 494 2400 Nonlnquuam
509 2308 764 2371 conlacrumdbat.
808 2310 931 2372 Placuit
941 2320 1006 2373 tum
1017 2312 1051 2372 ld

403 2423 488 2484 mihi.

242 2536 292 2598 Sic
306 2535 477 2616 edgitabam
493 2534 560 2596 ‘hic
574 2536 687 2614 ptruae
701 2536 924 2597 consuetudinis
1064 2539 1123 2600 110
1231 2563 1234 2568 ·

241 2649 342 2710 (lausa
355 2648 445 2709 hdius
459 2655 587 2708 mortem
602 2649 665 2707 tdm
678 2646 738 2707 fert
751 2646 959 2708 familitriter:

243 2759 328 2837 Quid
355 2759 380 2820 si
408 2760 473 2838 ipse
499 2758 649 2819 amasset?
670 2758 744 2839 quid
772 2758 822 2818 hic
849 2759 926 2818 mihi
953 2759 1044 2820 faciet

401 2868 522 2950 patril'

241 2982 329 3042 Haec
343 2984 402 3060 ego·
412 2980 558 3060 putabam
571 3002 639 3055 esse
647 2981 749 3042 (emnia
763 2981 890 3042 humani
904 2982 1007 3062 ingeni
1196 2916 1221 2973 l

239 3096 451 3174 Mansuetique
462 3095 556 3156 animi
566 3095 676 3156 officia.
718 3095 802 3172 Quid
813 3098 918 3157 multis
929 3097 1050 3157 moror?

239 3207 370 3288 Egomet
383 3228 502 3287 quoque
516 3206 580 3267 eius
594 3209 684 3267 eausa
698 3207 730 3266 in
744 3206 835 3267 funus
849 3209 969 3286 predec,
1063 3211 1120 3271 115

239 3319 296 3382 Nil
316 3321 469 3399 suspictns
488 3320 580 3380 etiam
600 3319 683 3379 mali.
724 3317 771 3378 so.
791 3319 873 3378 Hem
888 3320 1040 3397 quidest?

398 3431 441 3492 di
462 3431 551 3492 Scies.
