<?xml version="1.0" encoding="UTF-8"?>
<!DOCTYPE html PUBLIC "-//W3C//DTD XHTML 1.0 Transitional//EN"
    "http://www.w3.org/TR/xhtml1/DTD/xhtml1-transitional.dtd">
<html xmlns="http://www.w3.org/1999/xhtml" xml:lang="en" lang="en">
 <head>
  <title>
</title>
<meta http-equiv="Content-Type" content="text/html;charset=utf-8" />
  <meta name='ocr-system' content='tesseract 3.04.00' />
  <meta name='ocr-capabilities' content='ocr_page ocr_carea ocr_par ocr_line ocrx_word'/>
</head>
<body>
  <div class='ocr_page' id='page_1' title='image "andriaandadelph01teregoog_0127.png"; bbox 0 0 2586 3764; ppageno 0'>
   <div class='ocr_carea' id='block_1_1' title="bbox 158 224 1117 312">
    <p class='ocr_par' dir='ltr' id='par_1_1' title="bbox 158 224 1117 312">
     <span class='ocr_line' id='line_1_1' title="bbox 158 224 1117 312; baseline 0.004 -23"><span class='ocrx_word' id='word_1_1' title='bbox 158 229 221 292; x_wconf 83' lang='lat'>120</span> <span class='ocrx_word' id='word_1_2' title='bbox 449 292 456 305; x_wconf 72' lang='grc'>,</span> <span class='ocrx_word' id='word_1_3' title='bbox 505 244 544 292; x_wconf 84' lang='lat' dir='ltr'>P.</span> <span class='ocrx_word' id='word_1_4' title='bbox 567 243 761 289; x_wconf 75' lang='lat' dir='ltr'>russum</span> <span class='ocrx_word' id='word_1_5' title='bbox 964 224 1046 312; x_wconf 82' lang='lat' dir='ltr'>[Act</span> <span class='ocrx_word' id='word_1_6' title='bbox 1067 225 1117 296; x_wconf 88' lang='lat' dir='ltr'>V.</span> 
     </span>
    </p>
   </div>
   <div class='ocr_carea' id='block_1_2' title="bbox 155 384 1115 1160">
    <p class='ocr_par' dir='ltr' id='par_1_2' title="bbox 155 384 1115 1160">
     <span class='ocr_line' id='line_1_2' title="bbox 235 384 1034 480; baseline -0.003 -17"><span class='ocrx_word' id='word_1_7' title='bbox 235 401 264 463; x_wconf 94' lang='grc' dir='ltr'><strong>Ο</strong></span> <span class='ocrx_word' id='word_1_8' title='bbox 278 401 405 475; x_wconf 76' lang='lat' dir='ltr'>caelum,</span> <span class='ocrx_word' id='word_1_9' title='bbox 419 410 542 475; x_wconf 78' lang='lat' dir='ltr'>eterra,</span> <span class='ocrx_word' id='word_1_10' title='bbox 556 421 573 462; x_wconf 93' lang='lat' dir='ltr'>o</span> <span class='ocrx_word' id='word_1_11' title='bbox 594 400 691 461; x_wconf 64' lang='lat' dir='ltr'>miris</span> <span class='ocrx_word' id='word_1_12' title='bbox 711 399 857 480; x_wconf 85' lang='lat' dir='ltr'><strong>Neptuni.</strong></span> <span class='ocrx_word' id='word_1_13' title='bbox 898 400 956 462; x_wconf 74' lang='lat' dir='ltr'>Mi.</span> <span class='ocrx_word' id='word_1_14' title='bbox 974 384 1034 461; x_wconf 71' lang='lat' dir='ltr'>Em</span> 
     </span>
     <span class='ocr_line' id='line_1_3' title="bbox 395 513 1115 588; baseline -0.001 -14"><span class='ocrx_word' id='word_1_15' title='bbox 395 514 462 588; x_wconf 79' lang='lat' dir='ltr'>tibi,</span> <span class='ocrx_word' id='word_1_16' title='bbox 866 567 870 574; x_wconf 91' lang='lat'>.</span> <span class='ocrx_word' id='word_1_17' title='bbox 1057 513 1115 576; x_wconf 83' lang='lat'>790</span> 
     </span>
     <span class='ocr_line' id='line_1_4' title="bbox 236 626 1025 688; baseline -0.001 0"><span class='ocrx_word' id='word_1_18' title='bbox 236 627 373 688; x_wconf 84' lang='lat' dir='ltr'>Resciuit</span> <span class='ocrx_word' id='word_1_19' title='bbox 386 647 506 688; x_wconf 89' lang='lat' dir='ltr'>omnem</span> <span class='ocrx_word' id='word_1_20' title='bbox 521 647 602 688; x_wconf 92' lang='lat' dir='ltr'>rem:</span> <span class='ocrx_word' id='word_1_21' title='bbox 623 627 657 687; x_wconf 84' lang='lat' dir='ltr'>id</span> <span class='ocrx_word' id='word_1_22' title='bbox 670 647 752 688; x_wconf 89' lang='lat' dir='ltr'>nunc</span> <span class='ocrx_word' id='word_1_23' title='bbox 766 626 879 687; x_wconf 78' lang='lat' dir='ltr'>clamet</span> <span class='ocrx_word' id='word_1_24' title='bbox 893 627 1025 688; x_wconf 82' lang='lat' dir='ltr'>scilicet:</span> 
     </span>
     <span class='ocr_line' id='line_1_5' title="bbox 236 722 1034 800; baseline -0.003 -1"><span class='ocrx_word' id='word_1_25' title='bbox 236 739 366 800; x_wconf 67' lang='lat' dir='ltr'>Perdice</span> <span class='ocrx_word' id='word_1_26' title='bbox 394 738 480 799; x_wconf 83' lang='lat' dir='ltr'>lites:</span> <span class='ocrx_word' id='word_1_27' title='bbox 515 739 787 799; x_wconf 80' lang='lat' dir='ltr'>succurrendumst.</span> <span class='ocrx_word' id='word_1_28' title='bbox 834 739 889 799; x_wconf 85' lang='lat' dir='ltr'>De.</span> <span class='ocrx_word' id='word_1_29' title='bbox 918 722 1034 799; x_wconf 71' lang='lat' dir='ltr'>Eccum</span> 
     </span>
     <span class='ocr_line' id='line_1_6' title="bbox 394 837 524 914; baseline 0 0"><span class='ocrx_word' id='word_1_30' title='bbox 394 853 480 914; x_wconf 82' lang='lat' dir='ltr'>adest</span> <span class='ocrx_word' id='word_1_31' title='bbox 521 837 524 842; x_wconf 36' lang='lat'>⁵</span> 
     </span>
     <span class='ocr_line' id='line_1_7' title="bbox 235 966 899 1046; baseline -0.003 -18"><span class='ocrx_word' id='word_1_32' title='bbox 235 966 410 1029; x_wconf 79' lang='lat' dir='ltr'>Communis</span> <span class='ocrx_word' id='word_1_33' title='bbox 424 966 595 1046; x_wconf 76' lang='lat' dir='ltr'>corruptela</span> <span class='ocrx_word' id='word_1_34' title='bbox 609 975 745 1026; x_wconf 83' lang='lat' dir='ltr'>nostrum</span> <span class='ocrx_word' id='word_1_35' title='bbox 759 966 899 1027; x_wconf 83' lang='lat' dir='ltr'>liberum.</span> 
     </span>
     <span class='ocr_line' id='line_1_8' title="bbox 155 1078 1009 1160; baseline -0.002 -18"><span class='ocrx_word' id='word_1_36' title='bbox 155 1082 210 1142; x_wconf 80' lang='lat' dir='ltr'>Mi.</span> <span class='ocrx_word' id='word_1_37' title='bbox 236 1081 370 1142; x_wconf 79' lang='lat' dir='ltr'>Tandem</span> <span class='ocrx_word' id='word_1_38' title='bbox 386 1080 516 1160; x_wconf 86' lang='lat' dir='ltr'>reprime</span> <span class='ocrx_word' id='word_1_39' title='bbox 530 1079 718 1140; x_wconf 81' lang='lat' dir='ltr'>iracundiam</span> <span class='ocrx_word' id='word_1_40' title='bbox 733 1087 825 1158; x_wconf 68' lang='lat' dir='ltr'>aeque</span> <span class='ocrx_word' id='word_1_41' title='bbox 838 1079 878 1139; x_wconf 81' lang='lat' dir='ltr'>ad</span> <span class='ocrx_word' id='word_1_42' title='bbox 892 1081 922 1140; x_wconf 73' lang='lat' dir='ltr'>ee</span> <span class='ocrx_word' id='word_1_43' title='bbox 936 1078 1009 1140; x_wconf 89' lang='lat' dir='ltr'>redi.</span> 
     </span>
    </p>
   </div>
   <div class='ocr_carea' id='block_1_3' title="bbox 67 1194 1113 1276">
    <p class='ocr_par' dir='ltr' id='par_1_3' title="bbox 67 1194 1113 1276">
     <span class='ocr_line' id='line_1_9' title="bbox 67 1194 1113 1276; baseline -0.004 -18"><span class='ocrx_word' id='word_1_44' title='bbox 67 1269 70 1273; x_wconf 38' lang='grc'>,</span> <span class='ocrx_word' id='word_1_45' title='bbox 155 1197 211 1258; x_wconf 85' lang='lat' dir='ltr'>Dc.</span> <span class='ocrx_word' id='word_1_46' title='bbox 237 1197 385 1276; x_wconf 82' lang='lat' dir='ltr'>Repressi,</span> <span class='ocrx_word' id='word_1_47' title='bbox 401 1196 485 1269; x_wconf 89' lang='lat' dir='ltr'>redii,</span> <span class='ocrx_word' id='word_1_48' title='bbox 500 1197 588 1256; x_wconf 80' lang='lat' dir='ltr'>mitto</span> <span class='ocrx_word' id='word_1_49' title='bbox 603 1194 765 1255; x_wconf 77' lang='lat' dir='ltr'>maledicta</span> <span class='ocrx_word' id='word_1_50' title='bbox 779 1195 898 1254; x_wconf 71' lang='lat' dir='ltr'>emnia:</span> <span class='ocrx_word' id='word_1_51' title='bbox 1016 1219 1018 1224; x_wconf 94' lang='lat'>·</span> <span class='ocrx_word' id='word_1_52' title='bbox 1040 1194 1113 1256; x_wconf 81' lang='lat'>-795</span> 
     </span>
    </p>
   </div>
   <div class='ocr_carea' id='block_1_4' title="bbox 155 1305 1114 2736">
    <p class='ocr_par' dir='ltr' id='par_1_4' title="bbox 175 1305 1033 1839">
     <span class='ocr_line' id='line_1_10' title="bbox 236 1305 1033 1388; baseline -0.003 -19"><span class='ocrx_word' id='word_1_53' title='bbox 236 1309 314 1370; x_wconf 85' lang='lat' dir='ltr'>Rem</span> <span class='ocrx_word' id='word_1_54' title='bbox 339 1308 435 1387; x_wconf 69' lang='lat' dir='ltr'>ipsdm</span> <span class='ocrx_word' id='word_1_55' title='bbox 459 1316 608 1388; x_wconf 71' lang='lat' dir='ltr'>putemus.</span> <span class='ocrx_word' id='word_1_56' title='bbox 651 1306 769 1366; x_wconf 77' lang='lat' dir='ltr'>dictum</span> <span class='ocrx_word' id='word_1_57' title='bbox 793 1305 851 1367; x_wconf 88' lang='lat' dir='ltr'>hoc</span> <span class='ocrx_word' id='word_1_58' title='bbox 874 1305 955 1368; x_wconf 81' lang='lat' dir='ltr'>inter</span> <span class='ocrx_word' id='word_1_59' title='bbox 980 1310 1033 1367; x_wconf 85' lang='lat' dir='ltr'>n6s</span> 
     </span>
     <span class='ocr_line' id='line_1_11' title="bbox 396 1419 456 1480; baseline -0.017 0"><span class='ocrx_word' id='word_1_60' title='bbox 396 1419 456 1480; x_wconf 78' lang='lat' dir='ltr'>fuit</span> 
     </span>
     <span class='ocr_line' id='line_1_12' title="bbox 175 1532 952 1607; baseline 0.005 -16"><span class='ocrx_word' id='word_1_61' title='bbox 175 1583 179 1591; x_wconf 91' lang='lat'><em>.</em></span> <span class='ocrx_word' id='word_1_62' title='bbox 236 1535 302 1605; x_wconf 88' lang='lat' dir='ltr'>(Ex</span> <span class='ocrx_word' id='word_1_63' title='bbox 315 1543 346 1596; x_wconf 83' lang='lat' dir='ltr'>te</span> <span class='ocrx_word' id='word_1_64' title='bbox 359 1534 462 1594; x_wconf 71' lang='lat' dir='ltr'>meost</span> <span class='ocrx_word' id='word_1_65' title='bbox 475 1532 600 1607; x_wconf 85' lang='lat' dir='ltr'>ortum),</span> <span class='ocrx_word' id='word_1_66' title='bbox 614 1537 653 1594; x_wconf 81' lang='lat' dir='ltr'>ue</span> <span class='ocrx_word' id='word_1_67' title='bbox 666 1543 700 1595; x_wconf 84' lang='lat' dir='ltr'>tu</span> <span class='ocrx_word' id='word_1_68' title='bbox 715 1538 836 1596; x_wconf 81' lang='lat' dir='ltr'>curares</span> <span class='ocrx_word' id='word_1_69' title='bbox 851 1555 952 1596; x_wconf 91' lang='lat' dir='ltr'>meum</span> 
     </span>
     <span class='ocr_line' id='line_1_13' title="bbox 234 1648 1032 1728; baseline 0 -18"><span class='ocrx_word' id='word_1_70' title='bbox 234 1649 321 1710; x_wconf 89' lang='lat' dir='ltr'>Neue</span> <span class='ocrx_word' id='word_1_71' title='bbox 334 1652 389 1728; x_wconf 76' lang='lat' dir='ltr'>ego</span> <span class='ocrx_word' id='word_1_72' title='bbox 403 1649 510 1709; x_wconf 81' lang='lat' dir='ltr'>tuom?</span> <span class='ocrx_word' id='word_1_73' title='bbox 524 1648 678 1728; x_wconf 76' lang='lat' dir='ltr'>respdnde.</span> <span class='ocrx_word' id='word_1_74' title='bbox 721 1649 776 1710; x_wconf 85' lang='lat' dir='ltr'>Mi.</span> <span class='ocrx_word' id='word_1_75' title='bbox 792 1648 959 1723; x_wconf 80' lang='lat' dir='ltr'>Factumst,</span> <span class='ocrx_word' id='word_1_76' title='bbox 971 1653 1032 1711; x_wconf 78' lang='lat' dir='ltr'>ndu</span> 
     </span>
     <span class='ocr_line' id='line_1_14' title="bbox 366 1781 481 1839; baseline 0.009 -19"><span class='ocrx_word' id='word_1_77' title='bbox 366 1781 481 1839; x_wconf 67' lang='lat' dir='ltr'>sego,</span> 
     </span>
    </p>

    <p class='ocr_par' dir='ltr' id='par_1_5' title="bbox 155 1872 1114 2180">
     <span class='ocr_line' id='line_1_15' title="bbox 155 1872 1033 1954; baseline 0.005 -21"><span class='ocrx_word' id='word_1_78' title='bbox 155 1873 210 1933; x_wconf 87' lang='lat' dir='ltr'>De.</span> <span class='ocrx_word' id='word_1_79' title='bbox 237 1872 323 1950; x_wconf 74' lang='lat' dir='ltr'>Quor</span> <span class='ocrx_word' id='word_1_80' title='bbox 335 1875 416 1934; x_wconf 79' lang='lat' dir='ltr'>nuuc</span> <span class='ocrx_word' id='word_1_81' title='bbox 430 1873 512 1953; x_wconf 86' lang='lat' dir='ltr'>apud</span> <span class='ocrx_word' id='word_1_82' title='bbox 527 1879 556 1933; x_wconf 80' lang='lat' dir='ltr'>te</span> <span class='ocrx_word' id='word_1_83' title='bbox 570 1874 678 1952; x_wconf 74' lang='lat' dir='ltr'>petat?</span> <span class='ocrx_word' id='word_1_84' title='bbox 698 1894 775 1954; x_wconf 92' lang='lat' dir='ltr'>quor</span> <span class='ocrx_word' id='word_1_85' title='bbox 789 1875 897 1954; x_wconf 77' lang='lat' dir='ltr'>recipis</span> <span class='ocrx_word' id='word_1_86' title='bbox 912 1878 1033 1938; x_wconf 77' lang='lat' dir='ltr'>meum?</span> 
     </span>
     <span class='ocr_line' id='line_1_16' title="bbox 234 1984 1114 2067; baseline 0.011 -22"><span class='ocrx_word' id='word_1_87' title='bbox 234 1986 322 2062; x_wconf 71' lang='lat' dir='ltr'>Quor</span> <span class='ocrx_word' id='word_1_88' title='bbox 335 1986 409 2046; x_wconf 78' lang='lat' dir='ltr'>emis</span> <span class='ocrx_word' id='word_1_89' title='bbox 424 1985 562 2059; x_wconf 82' lang='lat' dir='ltr'>amicum,</span> <span class='ocrx_word' id='word_1_90' title='bbox 578 1986 694 2048; x_wconf 77' lang='lat' dir='ltr'>Micio?</span> <span class='ocrx_word' id='word_1_91' title='bbox 715 1984 845 2067; x_wconf 79' lang='lat' dir='ltr'>uumqui</span> <span class='ocrx_word' id='word_1_92' title='bbox 861 1990 960 2052; x_wconf 91' lang='lat' dir='ltr'>minus</span> <span class='ocrx_word' id='word_1_93' title='bbox 1054 1993 1114 2054; x_wconf 91' lang='lat'>800</span> 
     </span>
     <span class='ocr_line' id='line_1_17' title="bbox 235 2098 1109 2180; baseline 0.009 -22"><span class='ocrx_word' id='word_1_94' title='bbox 235 2099 315 2159; x_wconf 90' lang='lat' dir='ltr'>Mihi</span> <span class='ocrx_word' id='word_1_95' title='bbox 343 2098 423 2159; x_wconf 80' lang='lat' dir='ltr'>idem</span> <span class='ocrx_word' id='word_1_96' title='bbox 451 2099 498 2160; x_wconf 88' lang='lat' dir='ltr'>ius</span> <span class='ocrx_word' id='word_1_97' title='bbox 526 2108 681 2178; x_wconf 76' lang='lat' dir='ltr'>aequomst</span> <span class='ocrx_word' id='word_1_98' title='bbox 704 2101 867 2180; x_wconf 81' lang='lat' dir='ltr'>essequod</span> <span class='ocrx_word' id='word_1_99' title='bbox 889 2106 1033 2166; x_wconf 80' lang='lat' dir='ltr'>mecumst</span> <span class='ocrx_word' id='word_1_100' title='bbox 1106 2128 1109 2132; x_wconf 90' lang='lat'>·</span> 
     </span>
    </p>

    <p class='ocr_par' dir='ltr' id='par_1_6' title="bbox 155 2211 1033 2736">
     <span class='ocr_line' id='line_1_18' title="bbox 396 2211 500 2284; baseline -0.01 -11"><span class='ocrx_word' id='word_1_101' title='bbox 396 2211 500 2284; x_wconf 77' lang='lat' dir='ltr'>tibi?¹</span> 
     </span>
     <span class='ocr_line' id='line_1_19' title="bbox 236 2324 972 2404; baseline 0.014 -20"><span class='ocrx_word' id='word_1_102' title='bbox 236 2324 367 2402; x_wconf 75' lang='lat' dir='ltr'>Quando</span> <span class='ocrx_word' id='word_1_103' title='bbox 381 2329 436 2404; x_wconf 77' lang='lat' dir='ltr'>ego</span> <span class='ocrx_word' id='word_1_104' title='bbox 451 2333 534 2386; x_wconf 85' lang='lat' dir='ltr'>tuom</span> <span class='ocrx_word' id='word_1_105' title='bbox 550 2346 611 2387; x_wconf 89' lang='lat' dir='ltr'>uon</span> <span class='ocrx_word' id='word_1_106' title='bbox 625 2329 707 2402; x_wconf 79' lang='lat' dir='ltr'>curo,</span> <span class='ocrx_word' id='word_1_107' title='bbox 722 2350 761 2390; x_wconf 90' lang='lat' dir='ltr'>ue</span> <span class='ocrx_word' id='word_1_108' title='bbox 775 2333 849 2392; x_wconf 74' lang='lat' dir='ltr'>curii</span> <span class='ocrx_word' id='word_1_109' title='bbox 863 2353 972 2394; x_wconf 93' lang='lat' dir='ltr'>meum.</span> 
     </span>
     <span class='ocr_line' id='line_1_20' title="bbox 155 2440 1033 2520; baseline 0.011 -18"><span class='ocrx_word' id='word_1_110' title='bbox 155 2444 209 2503; x_wconf 85' lang='lat' dir='ltr'>Mi.</span> <span class='ocrx_word' id='word_1_111' title='bbox 233 2440 305 2502; x_wconf 88' lang='lat' dir='ltr'>Non</span> <span class='ocrx_word' id='word_1_112' title='bbox 317 2445 444 2520; x_wconf 78' lang='lat' dir='ltr'>aequom</span> <span class='ocrx_word' id='word_1_113' title='bbox 455 2442 538 2502; x_wconf 90' lang='lat' dir='ltr'>dicis.</span> <span class='ocrx_word' id='word_1_114' title='bbox 580 2442 635 2503; x_wconf 87' lang='lat' dir='ltr'>De.</span> <span class='ocrx_word' id='word_1_115' title='bbox 650 2444 743 2505; x_wconf 74' lang='lat' dir='ltr'>Neu?</span> <span class='ocrx_word' id='word_1_116' title='bbox 784 2447 838 2508; x_wconf 83' lang='lat' dir='ltr'>Mi.</span> <span class='ocrx_word' id='word_1_117' title='bbox 854 2448 936 2509; x_wconf 86' lang='lat' dir='ltr'>Nam</span> <span class='ocrx_word' id='word_1_118' title='bbox 947 2460 1033 2512; x_wconf 81' lang='lat' dir='ltr'>uetus</span> 
     </span>
     <span class='ocr_line' id='line_1_21' title="bbox 394 2552 766 2633; baseline 0.016 -21"><span class='ocrx_word' id='word_1_119' title='bbox 394 2552 521 2613; x_wconf 86' lang='lat' dir='ltr'>uerbum</span> <span class='ocrx_word' id='word_1_120' title='bbox 535 2553 593 2624; x_wconf 67' lang='lat' dir='ltr'>hec</span> <span class='ocrx_word' id='word_1_121' title='bbox 607 2555 766 2633; x_wconf 81' lang='lat' dir='ltr'>quidemst,</span> 
     </span>
     <span class='ocr_line' id='line_1_22' title="bbox 234 2665 933 2736; baseline 0.014 -10"><span class='ocrx_word' id='word_1_122' title='bbox 234 2665 413 2726; x_wconf 79' lang='lat' dir='ltr'>Communia</span> <span class='ocrx_word' id='word_1_123' title='bbox 427 2687 488 2726; x_wconf 88' lang='lat' dir='ltr'>esse</span> <span class='ocrx_word' id='word_1_124' title='bbox 502 2668 669 2728; x_wconf 83' lang='lat' dir='ltr'>amicorum</span> <span class='ocrx_word' id='word_1_125' title='bbox 685 2669 764 2730; x_wconf 87' lang='lat' dir='ltr'>inter</span> <span class='ocrx_word' id='word_1_126' title='bbox 777 2692 808 2733; x_wconf 89' lang='lat' dir='ltr'>se</span> <span class='ocrx_word' id='word_1_127' title='bbox 822 2675 933 2736; x_wconf 74' lang='lat' dir='ltr'>(imnis.</span> 
     </span>
    </p>
   </div>
   <div class='ocr_carea' id='block_1_5' title="bbox 154 2770 1113 2851">
    <p class='ocr_par' dir='ltr' id='par_1_7' title="bbox 154 2770 1113 2851">
     <span class='ocr_line' id='line_1_23' title="bbox 154 2770 1113 2851; baseline 0.011 -13"><span class='ocrx_word' id='word_1_128' title='bbox 154 2778 210 2839; x_wconf 85' lang='lat' dir='ltr'>Dc.</span> <span class='ocrx_word' id='word_1_129' title='bbox 235 2778 364 2839; x_wconf 79' lang='lat' dir='ltr'>Facete:</span> <span class='ocrx_word' id='word_1_130' title='bbox 386 2799 467 2840; x_wconf 89' lang='lat' dir='ltr'>nunc</span> <span class='ocrx_word' id='word_1_131' title='bbox 481 2779 603 2840; x_wconf 93' lang='lat' dir='ltr'>demum</span> <span class='ocrx_word' id='word_1_132' title='bbox 617 2783 709 2843; x_wconf 77' lang='lat' dir='ltr'>istaec</span> <span class='ocrx_word' id='word_1_133' title='bbox 724 2770 797 2846; x_wconf 80' lang='lat' dir='ltr'>uate</span> <span class='ocrx_word' id='word_1_134' title='bbox 810 2787 943 2849; x_wconf 53' lang='lat' dir='ltr'>oretiost„</span> <span class='ocrx_word' id='word_1_135' title='bbox 1052 2789 1113 2851; x_wconf 81' lang='lat'>805</span> 
     </span>
    </p>
   </div>
   <div class='ocr_carea' id='block_1_6' title="bbox 153 2890 1111 3520">
    <p class='ocr_par' dir='ltr' id='par_1_8' title="bbox 153 2890 1030 3204">
     <span class='ocr_line' id='line_1_24' title="bbox 153 2890 981 2970; baseline 0.014 -20"><span class='ocrx_word' id='word_1_136' title='bbox 153 2891 208 2953; x_wconf 79' lang='lat' dir='ltr'>Mi.</span> <span class='ocrx_word' id='word_1_137' title='bbox 234 2890 384 2951; x_wconf 79' lang='lat' dir='ltr'>Ausculta</span> <span class='ocrx_word' id='word_1_138' title='bbox 398 2892 510 2970; x_wconf 82' lang='lat' dir='ltr'>paucis,</span> <span class='ocrx_word' id='word_1_139' title='bbox 525 2893 584 2953; x_wconf 83' lang='lat' dir='ltr'>uisi</span> <span class='ocrx_word' id='word_1_140' title='bbox 600 2895 796 2970; x_wconf 86' lang='lat' dir='ltr'>molestumst,</span> <span class='ocrx_word' id='word_1_141' title='bbox 812 2897 937 2961; x_wconf 71' lang='lat' dir='ltr'>Demea„</span> <span class='ocrx_word' id='word_1_142' title='bbox 948 2904 981 2968; x_wconf 70' lang='grc' dir='ltr'><strong><em>Ε</em></strong></span> 
     </span>
     <span class='ocr_line' id='line_1_25' title="bbox 234 2985 1023 3087; baseline 0.013 -25"><span class='ocrx_word' id='word_1_143' title='bbox 234 3002 398 3082; x_wconf 83' lang='lat' dir='ltr'>Principi0‚</span> <span class='ocrx_word' id='word_1_144' title='bbox 413 3003 437 3064; x_wconf 90' lang='lat' dir='ltr'>si</span> <span class='ocrx_word' id='word_1_145' title='bbox 452 3004 484 3064; x_wconf 92' lang='lat' dir='ltr'>id</span> <span class='ocrx_word' id='word_1_146' title='bbox 499 3012 528 3066; x_wconf 78' lang='lat' dir='ltr'>te</span> <span class='ocrx_word' id='word_1_147' title='bbox 542 3006 669 3080; x_wconf 84' lang='lat' dir='ltr'>m6rdet,</span> <span class='ocrx_word' id='word_1_148' title='bbox 683 2985 838 3087; x_wconf 82' lang='lat' dir='ltr'>sumptum</span> <span class='ocrx_word' id='word_1_149' title='bbox 853 3011 913 3071; x_wconf 85' lang='lat' dir='ltr'>fflii</span> <span class='ocrx_word' id='word_1_150' title='bbox 1021 2987 1023 2992; x_wconf 68' lang='lat'>‚</span> 
     </span>
     <span class='ocr_line' id='line_1_26' title="bbox 233 3115 1030 3204; baseline 0.013 -30"><span class='ocrx_word' id='word_1_151' title='bbox 233 3115 333 3193; x_wconf 74' lang='lat' dir='ltr'>Quem</span> <span class='ocrx_word' id='word_1_152' title='bbox 347 3116 471 3189; x_wconf 65' lang='lat' dir='ltr'>ficiunt,</span> <span class='ocrx_word' id='word_1_153' title='bbox 485 3137 594 3196; x_wconf 82' lang='lat' dir='ltr'>quaeso</span> <span class='ocrx_word' id='word_1_154' title='bbox 608 3120 665 3180; x_wconf 92' lang='lat' dir='ltr'>hoc</span> <span class='ocrx_word' id='word_1_155' title='bbox 680 3120 771 3182; x_wconf 69' lang='lat' dir='ltr'>fdcito</span> <span class='ocrx_word' id='word_1_156' title='bbox 785 3130 886 3182; x_wconf 85' lang='lat' dir='ltr'>tecum</span> <span class='ocrx_word' id='word_1_157' title='bbox 901 3124 1030 3204; x_wconf 76' lang='lat' dir='ltr'>ccgites:</span> 
     </span>
    </p>

    <p class='ocr_par' dir='ltr' id='par_1_9' title="bbox 233 3228 1111 3520">
     <span class='ocr_line' id='line_1_27' title="bbox 233 3228 860 3310; baseline 0.011 -22"><span class='ocrx_word' id='word_1_158' title='bbox 233 3228 280 3288; x_wconf 89' lang='lat' dir='ltr'>Tu</span> <span class='ocrx_word' id='word_1_159' title='bbox 294 3228 362 3289; x_wconf 79' lang='lat' dir='ltr'>illds</span> <span class='ocrx_word' id='word_1_160' title='bbox 376 3229 437 3289; x_wconf 93' lang='lat' dir='ltr'>duo</span> <span class='ocrx_word' id='word_1_161' title='bbox 451 3229 524 3289; x_wconf 92' lang='lat' dir='ltr'>clim</span> <span class='ocrx_word' id='word_1_162' title='bbox 539 3233 594 3310; x_wconf 72' lang='lat' dir='ltr'>pre</span> <span class='ocrx_word' id='word_1_163' title='bbox 609 3252 641 3291; x_wconf 90' lang='lat' dir='ltr'>re</span> <span class='ocrx_word' id='word_1_164' title='bbox 655 3232 782 3294; x_wconf 69' lang='lat' dir='ltr'>tollebis</span> <span class='ocrx_word' id='word_1_165' title='bbox 797 3243 860 3308; x_wconf 81' lang='lat' dir='ltr'>tus,</span> 
     </span>
     <span class='ocr_line' id='line_1_28' title="bbox 233 3340 1111 3423; baseline 0.015 -23"><span class='ocrx_word' id='word_1_166' title='bbox 233 3341 325 3418; x_wconf 69' lang='lat' dir='ltr'>Quod</span> <span class='ocrx_word' id='word_1_167' title='bbox 339 3341 409 3401; x_wconf 66' lang='lat' dir='ltr'>sitis</span> <span class='ocrx_word' id='word_1_168' title='bbox 424 3340 553 3420; x_wconf 80' lang='lat' dir='ltr'>putabas</span> <span class='ocrx_word' id='word_1_169' title='bbox 567 3345 620 3402; x_wconf 80' lang='lat' dir='ltr'>tua</span> <span class='ocrx_word' id='word_1_170' title='bbox 635 3342 715 3404; x_wconf 86' lang='lat' dir='ltr'>bona</span> <span class='ocrx_word' id='word_1_171' title='bbox 728 3346 874 3408; x_wconf 79' lang='lat' dir='ltr'>ambobus</span> <span class='ocrx_word' id='word_1_172' title='bbox 894 3347 967 3423; x_wconf 85' lang='lat' dir='ltr'>fure,</span> <span class='ocrx_word' id='word_1_173' title='bbox 1048 3349 1111 3413; x_wconf 88' lang='grc'>810</span> 
     </span>
     <span class='ocr_line' id='line_1_29' title="bbox 234 3452 856 3520; baseline 0.013 -8"><span class='ocrx_word' id='word_1_174' title='bbox 234 3452 277 3513; x_wconf 78' lang='lat' dir='ltr'>Ee</span> <span class='ocrx_word' id='word_1_175' title='bbox 290 3455 337 3512; x_wconf 75' lang='lat' dir='ltr'>me</span> <span class='ocrx_word' id='word_1_176' title='bbox 351 3460 417 3512; x_wconf 79' lang='lat' dir='ltr'>tum</span> <span class='ocrx_word' id='word_1_177' title='bbox 431 3472 556 3514; x_wconf 87' lang='lat' dir='ltr'>uxorem</span> <span class='ocrx_word' id='word_1_178' title='bbox 571 3455 725 3517; x_wconf 80' lang='lat' dir='ltr'>credidisti</span> <span class='ocrx_word' id='word_1_179' title='bbox 739 3458 856 3520; x_wconf 86' lang='lat' dir='ltr'>scilicet</span> 
     </span>
    </p>
   </div>
   <div class='ocr_carea' id='block_1_7' title="bbox 0 0 1298 3764">
    <p class='ocr_par' dir='ltr' id='par_1_10' title="bbox 0 0 1298 3764">
     <span class='ocr_line' id='line_1_30' title="bbox 0 0 1298 3764; baseline 0 1"><span class='ocrx_word' id='word_1_180' title='bbox 0 0 1298 3764; x_wconf 95' lang='lat' dir='ltr'> </span> 
     </span>
    </p>
   </div>
  </div>
 </body>
</html>
