2576 3760
152 255 194 318 64
494 269 532 315 P.
555 267 748 313 rnnnnrr
958 248 1039 334 [Act
1062 248 1108 316 V.

151 425 193 484 Si.
233 423 296 500 Qui
310 423 426 484 eredis?
474 421 523 485 Oh.
538 421 658 482 Phanio
672 421 737 481 sslic
752 420 847 481 frater
861 425 944 482 meus
959 422 1026 482 fuit.

392 533 433 594 Si.
449 532 565 593 Noram
580 535 611 592 et
625 533 694 592 scio.

159 645 208 706 012.
230 645 261 705 Is
275 644 390 704 bellum
405 644 476 704 hino
490 643 608 723 fugiens
629 647 737 723 meque
758 644 790 703 in
804 643 913 705 Asiam
934 649 1031 725 perse·

392 775 485 836 quens
499 756 715 836 proficiscitur:
1051 757 1109 817 935

232 870 312 931 Tum
326 870 411 931 illurn
430 871 599 952 relinquere
613 871 664 931 hio
679 880 724 932 est
737 873 860 933 ueritus.
902 875 971 952 post
991 873 1032 932 ibi

393 1005 473 1044 nuno
488 985 622 1065 primum
636 985 726 1046 audio

234 1095 318 1172 Quid
332 1094 386 1154 illo
399 1094 438 1154 sit
452 1094 575 1155 factum.
618 1093 673 1154 Po.
689 1094 756 1155 Vix
776 1114 843 1155 sum
865 1095 948 1175 apud
965 1116 1028 1155 me:

393 1207 436 1266 ita
449 1206 567 1266 unimus
582 1207 763 1266 commotust
778 1217 860 1266 metu
1003 1185 1007 1193 ¹

234 1323 292 1402 Spe
308 1321 429 1402 gaudio,
445 1321 583 1381 mireindo
604 1320 661 1381 hoc
682 1329 769 1380 tanto
790 1323 852 1381 tom
873 1322 1030 1400 repentino

393 1435 480 1496 bono.

153 1548 194 1609 Si.
232 1547 281 1608 Ne
305 1549 392 1609 istetm
417 1547 604 1608 multimodis
628 1557 713 1608 tuam
741 1546 873 1607 inueniri
901 1547 1029 1628 gaudeo,

394 1660 448 1720 Po.
464 1659 569 1733 Credo,
585 1669 679 1739 pater.

160 1773 209 1835 Oh.
229 1772 276 1833 At
288 1774 330 1831 mi
344 1775 421 1832 unus
434 1772 595 1851 scrupulus
608 1773 700 1832 etiam
715 1782 817 1846 restat,
826 1775 881 1853 qui
891 1794 939 1834 me
950 1773 1031 1836 male

393 1885 493 1945 habet.
534 1883 589 1944 Po.
605 1885 726 1963 Dignus
741 1905 770 1946 es
1053 1887 1112 1948 940

233 1997 312 2059 com
325 1999 380 2057 tut
393 1997 545 2076 religione,
560 1997 663 2057 (rdium
685 2044 692 2058 .
715 2044 721 2058 .
743 1998 856 2058 nodum
878 1998 910 2057 in
930 2001 1030 2079 scirpo

394 2109 520 2189 quaeris.
568 2108 614 2170 Or.
630 2109 714 2194 Quid
732 2109 888 2169 istuoest?
930 2107 932 2111 ’
1022 2064 1076 2198 <>

160 2221 211 2284 tt.
232 2221 352 2282 Nomen
373 2242 433 2281 non
455 2221 604 2282 conuenit.
653 2220 699 2282 Or.
729 2221 803 2281 Fuit
830 2222 932 2282 herolo
959 2223 1031 2283 huio

393 2333 477 2393 uliud
491 2353 613 2412 paruae.
661 2332 714 2394 Ch.
730 2333 830 2409 Qmid,
845 2332 952 2394 Crito?

234 2445 394 2525 Numquid
420 2446 604 2506 meministi?
660 2444 706 2506 Or.
736 2444 774 2504 Id
802 2449 922 2524 quaero.
975 2447 1030 2509 Po.

393 2558 481 2637 Egon
496 2558 585 2618 huius
600 2558 775 2618 memoriam
789 2560 889 2637 patior
903 2581 987 2620 meae

235 2671 397 2750 Voluprtti
417 2671 545 2744 obstare,
560 2674 650 2751 quom
665 2692 719 2751 ego
733 2672 845 2751 possim
869 2672 901 2730 in
922 2673 979 2733 huto
999 2694 1032 2733 re

394 2781 538 2841 medicari
553 2781 651 2842 mihi?

235 2892 306 2953 Non
316 2892 424 2971 potiar.
464 2891 548 2965 heus,
559 2891 710 2965 Chremes,
722 2893 804 2974 quod
813 2895 941 2974 quaeriS,
951 2895 1034 2955 Posi-

387 3002 511 3082 plttiast.
559 3002 611 3064 Oli,
627 3002 733 3081 Ipseist.
781 3002 828 3064 Or.
844 3003 927 3064 East.
1054 3008 1114 3066 945

155 3116 210 3177 Pa.
235 3116 287 3176 Ex
296 3118 363 3195 ipsa
373 3117 491 3177 miliens
502 3116 615 3177 audiui.
656 3115 698 3176 Si.
713 3115 822 3178 Omnis
832 3138 888 3178 nos
899 3119 1032 3197 gaudere

344 3267 349 3276 ·
394 3228 460 3303 hoo,
475 3228 626 3304 Chremes,

236 3340 279 3399 Te
292 3340 381 3400 credo
395 3341 522 3401 credere.
569 3341 621 3402 ot.
636 3324 686 3402 ita
699 3363 747 3404 mo
762 3343 794 3403 di
808 3352 919 3416 ament,
933 3342 1031 3404 credo.

395 3449 449 3509 Pa.
464 3448 548 3527 Quid
562 3451 662 3524 restet,
676 3452 783 3530 pater?

1276 3137 1284 3351 ι

1272 3568 1280 3714 Ι
