2586 3764
175 243 238 306 126
527 259 565 304 Ρ.
588 259 781 303 rnanurr
987 239 1068 325 [Act
1082 239 1131 307 V.

253 415 334 475 Nam
348 415 374 474 is
388 415 464 474 mihi
478 415 640 495 profectost
654 419 755 475 seruos
768 417 919 494 spectatds
932 415 1014 487 satia,

253 528 334 604 Quoi
349 528 488 588 dominus
503 537 629 600 curaest,
645 529 689 587 ita
703 529 750 588 uti
764 528 820 588 tibi
833 529 921 600 sensi,
937 527 1025 602 Geta,

252 639 296 700 Et
310 640 366 700 tibi
381 639 419 699 ob
434 660 501 698 eam
516 660 589 712 rem,
603 640 703 719 siquid
721 661 789 699 usus
804 640 930 713 uenerit,
1072 640 1132 700 895

230 832 233 837 Ι
250 753 373 813 Lubens
388 753 463 813 bene
478 753 584 814 faxim.
626 752 755 812 meditor
769 774 830 813 esse
845 753 997 826 adfabilis,

252 865 294 925 Et
315 865 391 926 bene
411 867 554 947 procedit.
604 867 654 928 Ge.
677 867 780 928 Bonus
801 888 840 939 es,
862 888 953 946 quom
974 868 1049 928 haec

413 981 586 1041 existumas.

135 1122 137 1128 ¹
154 1091 227 1152 'Da
252 1092 407 1154 Paulatim
421 1092 817 1190 plebem„13!{¹!¹,¹{¹¹}„¹¹¹,fa⁰i⁶
832 1106 938 1180 meam.

293 1208 462 1234 ‘VN-av*

312 1308 509 1370 Arsonmvs
552 1308 686 1369 Damas.
730 1308 859 1374 Sanus..
887 1308 989 1371 Gara

171 1435 227 1498 Ae.
255 1435 408 1498 Occidunt
419 1458 466 1497 me
478 1438 609 1517 quidem,
619 1438 691 1497 dum
703 1438 792 1498 nimis
802 1447 920 1498 sanctas
929 1437 1050 1516 nuptias

253 1550 383 1611 Student
397 1551 510 1611 facere:
533 1552 564 1610 in
579 1551 754 1630 adparando
769 1552 949 1611 consumunt
959 1551 1047 1610 diem.
1070 1551 1131 1612 900

172 1662 228 1722 Dc.
253 1662 338 1738 Quid
353 1662 462 1741 agitur,
477 1662 648 1722 Aeschine?
690 1661 743 1722 Ac.
767 1645 876 1734 Ehem,
890 1669 977 1740 pater
998 1662 1049 1734 mi,

413 1782 447 1834 tu
462 1774 511 1834 hsc
526 1776 612 1835 eras?

172 1887 227 1947 De.
252 1886 332 1947 Tuos
346 1886 448 1946 hercle
463 1907 534 1946 uero
549 1896 579 1946 et
592 1887 693 1947 animo
707 1895 737 1946 et
751 1888 861 1947 natura
874 1895 969 1966 pater,

252 1998 316 2076 Qui
330 2001 360 2058 te
374 2006 456 2058 amat
471 1999 540 2076 plus
555 2019 645 2077 quarn
658 1999 746 2058 hosce
756 1999 866 2059 oculos.
908 1999 960 2059 sed
974 2019 1050 2078 quor

411 2113 473 2170 non
488 2111 611 2170 domurn

251 2223 388 2287 onrem
403 2224 546 2284 arcessis?
587 2223 641 2284 Ae.
657 2224 770 2304 Cupio:
788 2245 892 2285 uerum
904 2226 961 2285 hoc
973 2225 1048 2285 mihi

410 2345 556 2396 moreest:

252 2447 392 2510 Tibicina
406 2457 435 2509 et
450 2448 650 2528 hymenaeum
663 2449 715 2529 qui
727 2453 857 2510 cantent.
900 2450 955 2510 De.
971 2449 1049 2522 Eho,
1071 2449 1130 2510 905

252 2563 316 2625 Vin
330 2572 364 2623 tu
378 2564 450 2623 huic
464 2563 528 2624 seni
543 2562 734 2623 auscultare?
775 2562 826 2622 Ae.
848 2561 953 2639 Quid?
994 2561 1048 2622 De.

412 2672 506 2732 Missa
521 2673 595 2732 haec
610 2672 684 2745 face,

253 2784 468 2866 Hymenaeum
482 2785 586 2845 turbas
601 2785 757 2864 lampadas
772 2784 921 2858 tibicinas,

252 2897 357 2978 Atque
371 2898 450 2958 hanc
464 2899 496 2956 in
510 2897 598 2959 horto
613 2899 773 2958 maceriam
788 2897 858 2958 iube
873 2897 955 2957 dirui

252 3009 410 3086 Quantum
431 3019 545 3088 potest:
569 3010 626 3070 hac
647 3009 792 3069 transfer:
817 3029 910 3069 unam
931 3009 978 3069 fac
999 3009 1049 3069 do

412 3142 513 3182 mum:
574 3181 576 3188 ,

252 3235 389 3297 Traduce
402 3246 433 3298 et
446 3245 574 3298 matrem
588 3245 617 3298 et
632 3237 781 3298 familiam
798 3257 918 3297 omnem
932 3236 972 3297 ad
986 3238 1047 3297 nos.

411 3347 465 3410 Ac.
480 3349 595 3424 Placet,
1070 3350 1129 3412 910

251 3461 344 3523 Pater
371 3461 571 3542 lepidissume.
614 3462 670 3524 Dc.
698 3461 814 3542 Rugum,
841 3461 903 3522 iam
931 3459 1049 3541 lepidus

410 3591 510 3634 uocor.
