2576 3760
359 202 361 206 ’
439 291 440 296 ¹
489 221 527 267 P.
550 221 744 266 nannum
929 202 1010 287 [Aet
1033 200 1107 268 111.
1148 137 1162 166 q

480 494 614 556 Duum.
656 494 771 558 Sunvs.

144 639 199 701 De.
221 640 371 720 Disperii:
393 640 607 720 Ctesiphdnem
621 641 727 700 audiui
742 641 846 702 filium
1046 641 1106 702 355

223 752 296 814 Vne
310 753 400 814 fuisse
413 754 446 813 in
460 755 597 832 reptione
614 774 683 814 oum
698 753 861 815 Aeschino.

223 863 261 923 Id
276 866 383 924 misero
398 873 491 924 restat
504 864 581 923 mihi
598 864 681 937 mali,
695 865 720 924 si
735 865 823 924 illum
837 874 944 944 potest,

224 977 286 1054 Qui
308 977 423 1056 aliquoi
443 978 524 1049 reist,
545 977 637 1037 etiam
669 998 768 1037 meum
795 978 833 1037 ed
859 978 1025 1057 nequitiem

383 1089 540 1150 adddoere.

222 1200 287 1262 Vbi
308 1222 362 1280 ego
383 1176 473 1260 illum
495 1202 661 1280 quaeram?
691 1201 780 1262 credo
805 1200 971 1262 abductum
992 1201 1025 1260 in

382 1313 513 1392 geneum

223 1423 354 1503 Alique:
377 1425 524 1502 persuasit
538 1409 592 1485 ille
607 1425 743 1504 inpurus,
758 1427 804 1485 set
818 1425 888 1486 seio.
1045 1425 1104 1486 360

223 1537 282 1620 Sed
296 1537 399 1596 eccum
413 1536 523 1616 Syrum
539 1537 583 1597 ire
596 1537 704 1597 uideo:
719 1537 791 1596 hino
803 1537 886 1597 scibo
898 1537 959 1596 iam
971 1536 1023 1596 ubi

383 1651 447 1712 siet.

224 1763 320 1845 Atqui
335 1763 437 1825 hercle
450 1764 500 1824 hio
514 1765 552 1824 de
567 1785 657 1843 grege
671 1765 771 1827 illost:
793 1766 817 1826 si
833 1789 881 1828 me
899 1769 1024 1829 senserit

224 1877 304 1937 Eum
319 1877 498 1955 quaeritare,
513 1879 679 1955 numquam
694 1877 774 1938 dioet
790 1880 945 1939 oernufex.

223 1989 294 2049 Non
315 1988 471 2048 estendam
493 1988 525 2048 id
546 2009 594 2048 me
615 1987 704 2049 uelle.
745 1988 796 2069 sgr*
813 1988 943 2050 Omnem
958 2012 1021 2052 rem
1046 1968 1052 1994 ¹

385 2100 474 2160 medo
488 2100 551 2160 seni
994 2092 998 2100 ’

224 2214 293 2291 Quo
308 2216 395 2294 peoto
410 2213 535 2274 haberet
549 2218 726 2276 enarramus
743 2216 857 2277 erdine.
1045 2218 1104 2278 365

223 2325 276 2385 Nil
293 2325 455 2403 quicquam
470 2323 534 2383 uidi
549 2323 667 2385 laetius.
708 2325 764 2385 De.
780 2325 840 2385 Pro
856 2325 1003 2406 Irippiter,

223 2435 366 2494 Hominis
380 2433 552 2495 stultitiam.
592 2435 639 2514 Sy.
655 2434 861 2496 Genlaudauit
876 2436 995 2498 fflium:

223 2547 312 2619 Mihi,
327 2546 425 2626 quiid
441 2546 586 2606 dedissem
602 2547 771 2621 oensilinm,
787 2549 848 2626 egit
861 2549 982 2627 gretias.

142 2662 198 2722 Do.
220 2661 409 2739 Disrrimpor.
450 2658 498 2736 Sy.
513 2657 686 2738 Argentum
701 2659 916 2720 ednumerauit
931 2660 1020 2722 ilico:

223 2773 318 2833 Dedit
332 2781 487 2851 praeterea
502 2770 533 2830 in
548 2774 702 2851 sumptum
718 2772 879 2832 dimidium
894 2773 1011 2834 minae:
1044 2774 1103 2835 370

222 2885 260 2946 Id
274 2885 471 2946 distributum
486 2887 585 2944 senest
599 2906 637 2944 ex
651 2887 809 2946 sententia.
852 2886 908 2947 De.
924 2885 1015 2959 Hem,

211 2998 307 3058 'Huic
321 2997 452 3069 merides,
467 2997 567 3076 siquid
581 3000 661 3057 reete
676 3000 818 3058 curauim
834 2998 918 3058 uelis.

141 3112 187 3190 Sy.
220 3111 316 3170 Ehem
333 3109 458 3183 Demea,
469 3109 551 3169 hand
563 3113 739 3189 aspexeram
750 3119 796 3170 to:
812 3111 886 3189 quid
898 3111 1021 3190 agitur?

141 3225 198 3285 De.
221 3223 305 3300 Quid
320 3225 451 3302 agetur?
472 3233 605 3283 nostram
620 3226 734 3302 nequeo
749 3224 856 3283 mirari
869 3226 941 3286 satis

223 3338 393 3400 Ratienem.
434 3337 482 3417 Sy.
507 3337 565 3398 Est
592 3337 692 3397 hercle
719 3337 832 3417 inepta,
859 3358 897 3399 ne
922 3338 1022 3400 dicem

383 3447 463 3522 dolo,
1044 3449 1103 3512 375
