2576 3760
170 249 527 336 So.111.4o-1V.20.]
554 268 744 315 Auum.
936 259 937 262 ’
1088 252 1128 316 41

251 427 334 487 Nam
368 424 587 506 propemodum
621 423 719 486 habeo
754 424 815 484 itm
848 423 948 485 fidem.
990 424 1050 484 Da.

345 613 353 618 ,
410 538 547 601 Tandem
561 539 696 618 cognosti
710 541 765 618 qui
778 539 874 600 siem?

169 655 209 716 St.
251 654 323 714 Non
356 652 478 714 iderunt
513 651 638 744 nuptiae
672 651 803 712 futurae.
855 651 914 712 Da.
945 649 1051 728 Quid?

408 769 492 828 uon?
532 766 575 828 si.
596 765 656 828 sed
670 787 706 827 ea
719 767 818 846 gretia

249 881 408 956 Simultui,
417 901 472 942 uos
482 888 518 941 ut
528 883 771 960 pertemptarem.
813 880 872 940 Da.
888 879 1050 957 Quidais?

408 993 452 1055 δι’.
473 992 524 1054 Sic
538 1013 584 1054 res
598 997 652 1054 est.
687 989 754 1053 'Du
777 992 875 1053 Vide:

250 1109 428 1189 Numquam
455 1109 535 1169 istuc
563 1108 649 1187 quiui
676 1129 731 1187 ego
759 1107 942 1186 intellegere.
989 1107 1050 1168 utu

412 1219 573 1281 eonsilium
587 1218 742 1280 oillidum.

168 1334 211 1397 si.
253 1332 321 1395 Hoc
340 1332 429 1394 aridi:
451 1340 487 1393 ut
505 1330 577 1392 hino
591 1339 622 1391 te
635 1330 715 1392 intro
729 1331 774 1391 ire
788 1329 869 1404 iussi,
884 1333 1052 1410 opportune

411 1445 462 1506 hie
476 1444 511 1505 fit
524 1444 567 1505 mi
580 1443 712 1505 obuium.
753 1443 812 1504 Do.
835 1443 927 1518 Hem,
1072 1443 1131 1504 590

251 1559 337 1621 Num
356 1561 428 1620 nim
449 1558 605 1639 perimus?
645 1557 687 1619 di.
709 1556 809 1618 Ndrro
830 1556 911 1633 huic,
926 1577 1004 1637 quae
1017 1565 1052 1617 tu

411 1672 528 1733 dudum
542 1672 674 1732 narrasti
688 1670 772 1731 mihi.

171 1786 232 1847 Do.
255 1785 339 1863 Quid
354 1805 426 1846 nem
441 1785 555 1845 uddio?
594 1783 636 1844 si.
652 1781 786 1844 Gnatam
800 1783 835 1843 rit
849 1781 900 1845 det
914 1803 975 1857 oro,
986 1784 1053 1843 uix-

414 1915 473 1975 que
486 1894 519 1955 id
532 1914 633 1956 exoro.
675 1892 735 1954 Do.
750 1873 865 1955 Occidi.
905 1893 948 1956 si.
960 1893 1052 1968 Hem,

253 2007 339 2086 Quid
362 2007 491 2068 dixisti?
531 2006 592 2068 Du.
614 2005 748 2085 Optume
774 2007 900 2086 inquom
928 2006 1052 2067 factum.

412 2121 455 2182 si.
476 2119 573 2182 Nune·
582 2141 637 2199 per
651 2119 733 2180 huno
748 2119 862 2180 nulltst
879 2139 972 2180 mora.

178 2233 229 2296 Oh.
254 2232 387 2294 Domum
409 2233 498 2293 modo
519 2232 579 2307 ibo,
595 2241 629 2293 ut
650 2233 814 2312 idparetur
834 2231 943 2306 dicam,
962 2241 1054 2312 atque

413 2327 474 2406 huo
488 2345 636 2406 rensmtio.

173 2459 215 2522 si.
255 2458 346 2520 Nune
364 2467 395 2519 te
410 2461 473 2531 oro,
487 2456 585 2532 Daue,
601 2459 745 2539 quoniam
767 2459 847 2520 solus
868 2460 910 2518 mi
931 2459 1054 2522 effecisti

414 2570 470 2630 has
483 2571 614 2650 nuptias,
1075 2573 1133 2633 595

174 2684 234 2744 Du
256 2683 323 2763 Ego
344 2684 416 2743 uero
440 2681 530 2743 solus.
572 2682 614 2744 st.
637 2682 772 2744 Gustum
800 2683 877 2745 mihi
904 2685 1054 2766 corrigere

413 2814 503 2874 porro
517 2796 638 2856 enitere.
970 2805 973 2810 ’

174 2909 233 2970 Do.
256 2906 382 2969 Faciam
409 2906 511 2968 hercle
539 2906 653 2968 sedulo.
693 2907 734 2970 st.
758 2908 846 2971 Potes
867 2931 958 2986 nuno,
979 2911 1053 2972 dum

355 3063 361 3076 .
415 3022 534 3081 suimus
548 3021 690 3082 inritdtus
704 3031 756 3082 est.

173 3135 233 3196 Do.
256 3134 410 3213 Quiesoas.
450 3135 492 3197 Si.
514 3134 583 3215 Age
596 3137 698 3216 igitur,
713 3137 764 3197 ubi
787 3158 868 3200 nuno
887 3149 932 3201 est
950 3141 1054 3220 ipsus?

414 3246 474 3308 Da.
496 3246 611 3307 Mirum
625 3249 659 3308 ni
672 3249 789 3310 domist.

173 3361 216 3424 Si
254 3360 311 3423 Ibo
331 3361 371 3423 od
391 3382 461 3422 eum
481 3371 572 3442 atque
593 3363 697 3424 eudem
716 3361 799 3437 haee,
814 3366 872 3426 tibi
886 3387 964 3444 quae
978 3367 1053 3439 dixi,

416 3471 517 3533 dicam
531 3473 636 3533 itidem
651 3473 707 3532 illi.
749 3473 808 3533 Do.
830 3474 943 3533 Nullus
957 3493 1024 3532 sum

613 3583 638 3634 D
649 3585 664 3632 2
